<?xml version="1.0" encoding="UTF-8"?>
<!DOCTYPE html PUBLIC "-//W3C//DTD XHTML 1.0 Transitional//EN"
    "http://www.w3.org/TR/xhtml1/DTD/xhtml1-transitional.dtd">
<html xmlns="http://www.w3.org/1999/xhtml" xml:lang="en" lang="en">
 <head>
  <title>
</title>
<meta http-equiv="Content-Type" content="text/html;charset=utf-8" />
  <meta name='ocr-system' content='tesseract 3.04.00' />
  <meta name='ocr-capabilities' content='ocr_page ocr_carea ocr_par ocr_line ocrx_word'/>
</head>
<body>
  <div class='ocr_page' id='page_1' title='image "./operaexrecensio03virggoog_0331.png"; bbox 0 0 2172 3506; ppageno 0'>
   <div class='ocr_carea' id='block_1_1' title="bbox 346 143 956 197">
    <p class='ocr_par' dir='ltr' id='par_1_1' title="bbox 346 143 956 197">
     <span class='ocr_line' id='line_1_1' title="bbox 346 143 956 197; baseline 0.008 -7"><span class='ocrx_word' id='word_1_1' title='bbox 346 143 529 190; x_wconf 78' lang='lat' dir='ltr'>AENEIDOS</span> <span class='ocrx_word' id='word_1_2' title='bbox 546 143 613 190; x_wconf 89' lang='lat' dir='ltr'>LIB.</span> <span class='ocrx_word' id='word_1_3' title='bbox 633 143 699 190; x_wconf 88' lang='lat' dir='ltr'>XII.</span> <span class='ocrx_word' id='word_1_4' title='bbox 903 145 956 197; x_wconf 68' lang='lat'>3192</span> 
     </span>
    </p>
   </div>
   <div class='ocr_carea' id='block_1_2' title="bbox 99 221 956 443">
    <p class='ocr_par' dir='ltr' id='par_1_2' title="bbox 99 221 956 443">
     <span class='ocr_line' id='line_1_2' title="bbox 99 221 774 292; baseline -0.004 -13"><span class='ocrx_word' id='word_1_5' title='bbox 99 224 163 278; x_wconf 85' lang='lat' dir='ltr'>Non</span> <span class='ocrx_word' id='word_1_6' title='bbox 184 239 234 292; x_wconf 84' lang='lat' dir='ltr'>ego</span> <span class='ocrx_word' id='word_1_7' title='bbox 252 238 302 276; x_wconf 87' lang='lat' dir='ltr'>nce</span> <span class='ocrx_word' id='word_1_8' title='bbox 320 221 430 276; x_wconf 83' lang='lat' dir='ltr'>Teucris</span> <span class='ocrx_word' id='word_1_9' title='bbox 450 221 535 274; x_wconf 88' lang='lat' dir='ltr'>Italos</span> <span class='ocrx_word' id='word_1_10' title='bbox 552 237 650 289; x_wconf 87' lang='lat' dir='ltr'>parere</span> <span class='ocrx_word' id='word_1_11' title='bbox 667 221 774 291; x_wconf 89' lang='lat' dir='ltr'>iubebo,</span> 
     </span>
     <span class='ocr_line' id='line_1_3' title="bbox 100 297 956 385; baseline 0 -31"><span class='ocrx_word' id='word_1_12' title='bbox 100 302 160 354; x_wconf 89' lang='lat' dir='ltr'>Nec</span> <span class='ocrx_word' id='word_1_13' title='bbox 179 299 247 352; x_wconf 85' lang='lat' dir='ltr'>milri</span> <span class='ocrx_word' id='word_1_14' title='bbox 265 316 348 366; x_wconf 82' lang='lat' dir='ltr'>regna</span> <span class='ocrx_word' id='word_1_15' title='bbox 365 302 444 382; x_wconf 81' lang='lat' dir='ltr'>peto;</span> <span class='ocrx_word' id='word_1_16' title='bbox 462 297 574 385; x_wconf 78' lang='lat' dir='ltr'>paribus</span> <span class='ocrx_word' id='word_1_17' title='bbox 591 315 620 352; x_wconf 89' lang='lat' dir='ltr'>se</span> <span class='ocrx_word' id='word_1_18' title='bbox 637 297 743 366; x_wconf 83' lang='lat' dir='ltr'>legibus</span> <span class='ocrx_word' id='word_1_19' title='bbox 761 299 858 356; x_wconf 84' lang='lat' dir='ltr'>ambae</span> <span class='ocrx_word' id='word_1_20' title='bbox 916 314 956 354; x_wconf 77' lang='lat' dir='ltr'>ree</span> 
     </span>
     <span class='ocr_line' id='line_1_4' title="bbox 99 371 778 443; baseline -0.003 -13"><span class='ocrx_word' id='word_1_21' title='bbox 99 377 226 430; x_wconf 87' lang='lat' dir='ltr'>lnvictae</span> <span class='ocrx_word' id='word_1_22' title='bbox 243 380 339 443; x_wconf 82' lang='lat' dir='ltr'>gentes</span> <span class='ocrx_word' id='word_1_23' title='bbox 357 371 514 434; x_wconf 78' lang='lat' dir='ltr'>aeternam</span> <span class='ocrx_word' id='word_1_24' title='bbox 531 373 643 428; x_wconf 83' lang='lat' dir='ltr'><strong>foedera</strong></span> <span class='ocrx_word' id='word_1_25' title='bbox 660 374 724 428; x_wconf 91' lang='lat' dir='ltr'>mitt</span> <span class='ocrx_word' id='word_1_26' title='bbox 725 378 778 428; x_wconf 89' lang='lat' dir='ltr'>aut.</span> 
     </span>
    </p>
   </div>
   <div class='ocr_carea' id='block_1_3' title="bbox 3 449 873 519">
    <p class='ocr_par' dir='ltr' id='par_1_3' title="bbox 3 449 873 519">
     <span class='ocr_line' id='line_1_5' title="bbox 3 449 873 519; baseline -0.001 -13"><span class='ocrx_word' id='word_1_27' title='bbox 3 513 4 516; x_wconf 8' lang='grc' dir='ltr'><strong>Ἰ</strong></span> <span class='ocrx_word' id='word_1_28' title='bbox 99 453 185 506; x_wconf 85' lang='lat' dir='ltr'>Sacra</span> <span class='ocrx_word' id='word_1_29' title='bbox 203 451 324 518; x_wconf 88' lang='lat' dir='ltr'>deosque</span> <span class='ocrx_word' id='word_1_30' title='bbox 342 449 428 515; x_wconf 86' lang='lat' dir='ltr'>dabo;</span> <span class='ocrx_word' id='word_1_31' title='bbox 447 466 523 504; x_wconf 89' lang='lat' dir='ltr'>socer</span> <span class='ocrx_word' id='word_1_32' title='bbox 540 467 616 504; x_wconf 85' lang='lat' dir='ltr'>anna</span> <span class='ocrx_word' id='word_1_33' title='bbox 633 450 748 504; x_wconf 89' lang='lat' dir='ltr'>Latmus</span> <span class='ocrx_word' id='word_1_34' title='bbox 765 450 873 519; x_wconf 90' lang='lat' dir='ltr'>habeto,</span> 
     </span>
    </p>
   </div>
   <div class='ocr_carea' id='block_1_4' title="bbox 100 527 953 1580">
    <p class='ocr_par' dir='ltr' id='par_1_4' title="bbox 100 527 821 670">
     <span class='ocr_line' id='line_1_6' title="bbox 101 527 821 598; baseline -0.003 -16"><span class='ocrx_word' id='word_1_35' title='bbox 101 529 244 598; x_wconf 83' lang='lat' dir='ltr'>inperium</span> <span class='ocrx_word' id='word_1_36' title='bbox 263 527 391 580; x_wconf 85' lang='lat' dir='ltr'>sollemne</span> <span class='ocrx_word' id='word_1_37' title='bbox 409 543 498 591; x_wconf 86' lang='lat' dir='ltr'>soeer;</span> <span class='ocrx_word' id='word_1_38' title='bbox 516 527 582 580; x_wconf 90' lang='lat' dir='ltr'>mihi</span> <span class='ocrx_word' id='word_1_39' title='bbox 601 528 707 582; x_wconf 89' lang='lat' dir='ltr'>moenia</span> <span class='ocrx_word' id='word_1_40' title='bbox 724 528 821 581; x_wconf 84' lang='lat' dir='ltr'><strong>Teucri</strong></span> 
     </span>
     <span class='ocr_line' id='line_1_7' title="bbox 100 602 773 670; baseline -0.006 -10"><span class='ocrx_word' id='word_1_41' title='bbox 100 605 287 670; x_wconf 80' lang='lat' dir='ltr'>Constituent,</span> <span class='ocrx_word' id='word_1_42' title='bbox 305 602 422 670; x_wconf 91' lang='lat' dir='ltr'>urbique</span> <span class='ocrx_word' id='word_1_43' title='bbox 441 602 520 656; x_wconf 90' lang='lat' dir='ltr'>dabit</span> <span class='ocrx_word' id='word_1_44' title='bbox 539 603 651 656; x_wconf 87' lang='lat' dir='ltr'>Lavinia</span> <span class='ocrx_word' id='word_1_45' title='bbox 668 620 773 658; x_wconf 89' lang='lat' dir='ltr'>nomen.</span> 
     </span>
    </p>

    <p class='ocr_par' dir='ltr' id='par_1_5' title="bbox 101 678 953 1202">
     <span class='ocr_line' id='line_1_8' title="bbox 101 678 953 750; baseline 0.001 -16"><span class='ocrx_word' id='word_1_46' title='bbox 101 681 147 734; x_wconf 83' lang='lat' dir='ltr'>Sic</span> <span class='ocrx_word' id='word_1_47' title='bbox 165 681 241 750; x_wconf 88' lang='lat' dir='ltr'>prior</span> <span class='ocrx_word' id='word_1_48' title='bbox 260 681 385 743; x_wconf 87' lang='lat' dir='ltr'>Aeneas;</span> <span class='ocrx_word' id='word_1_49' title='bbox 403 678 526 746; x_wconf 88' lang='lat' dir='ltr'>sequitur</span> <span class='ocrx_word' id='word_1_50' title='bbox 544 679 582 732; x_wconf 89' lang='lat' dir='ltr'>sic</span> <span class='ocrx_word' id='word_1_51' title='bbox 599 679 698 732; x_wconf 89' lang='lat' dir='ltr'>deinde</span> <span class='ocrx_word' id='word_1_52' title='bbox 717 679 838 744; x_wconf 80' lang='lat' dir='ltr'>latinus,</span> <span class='ocrx_word' id='word_1_53' title='bbox 918 696 953 735; x_wconf 80' lang='lat' dir='ltr'>rsa</span> 
     </span>
     <span class='ocr_line' id='line_1_9' title="bbox 101 753 874 824; baseline -0.003 -14"><span class='ocrx_word' id='word_1_54' title='bbox 101 756 260 824; x_wconf 86' lang='lat' dir='ltr'>Suspicicns</span> <span class='ocrx_word' id='word_1_55' title='bbox 278 755 389 819; x_wconf 89' lang='lat' dir='ltr'>caelum,</span> <span class='ocrx_word' id='word_1_56' title='bbox 408 753 554 822; x_wconf 77' lang='lat' dir='ltr'>tenditque</span> <span class='ocrx_word' id='word_1_57' title='bbox 572 755 609 808; x_wconf 87' lang='lat' dir='ltr'>ad</span> <span class='ocrx_word' id='word_1_58' title='bbox 627 755 718 808; x_wconf 85' lang='lat' dir='ltr'>sidera</span> <span class='ocrx_word' id='word_1_59' title='bbox 736 755 874 810; x_wconf 84' lang='lat' dir='ltr'>dextram:</span> 
     </span>
     <span class='ocr_line' id='line_1_10' title="bbox 102 829 874 898; baseline -0.003 -12"><span class='ocrx_word' id='word_1_60' title='bbox 102 833 182 886; x_wconf 89' lang='lat' dir='ltr'>Hace</span> <span class='ocrx_word' id='word_1_61' title='bbox 200 831 303 898; x_wconf 88' lang='lat' dir='ltr'>eadem,</span> <span class='ocrx_word' id='word_1_62' title='bbox 323 832 425 897; x_wconf 82' lang='lat' dir='ltr'>Aenea,</span> <span class='ocrx_word' id='word_1_63' title='bbox 443 830 563 897; x_wconf 80' lang='lat' dir='ltr'><strong>Terram,</strong></span> <span class='ocrx_word' id='word_1_64' title='bbox 582 831 668 896; x_wconf 85' lang='lat' dir='ltr'>Mare,</span> <span class='ocrx_word' id='word_1_65' title='bbox 688 829 790 897; x_wconf 83' lang='lat' dir='ltr'>Sidera,</span> <span class='ocrx_word' id='word_1_66' title='bbox 809 831 874 897; x_wconf 89' lang='lat' dir='ltr'>iuro,</span> 
     </span>
     <span class='ocr_line' id='line_1_11' title="bbox 103 905 856 975; baseline -0.004 -14"><span class='ocrx_word' id='word_1_67' title='bbox 103 909 280 975; x_wconf 79' lang='lat' dir='ltr'>Latonaeque</span> <span class='ocrx_word' id='word_1_68' title='bbox 297 921 383 974; x_wconf 81' lang='lat' dir='ltr'>genus</span> <span class='ocrx_word' id='word_1_69' title='bbox 402 906 511 974; x_wconf 82' lang='lat' dir='ltr'>duplen,</span> <span class='ocrx_word' id='word_1_70' title='bbox 532 905 683 974; x_wconf 90' lang='lat' dir='ltr'>Ianumque</span> <span class='ocrx_word' id='word_1_71' title='bbox 701 906 856 973; x_wconf 85' lang='lat' dir='ltr'>bilrontem,</span> 
     </span>
     <span class='ocr_line' id='line_1_12' title="bbox 102 981 841 1052; baseline -0.001 -16"><span class='ocrx_word' id='word_1_72' title='bbox 102 985 224 1052; x_wconf 89' lang='lat' dir='ltr'>Vimque</span> <span class='ocrx_word' id='word_1_73' title='bbox 241 982 323 1037; x_wconf 90' lang='lat' dir='ltr'>deum</span> <span class='ocrx_word' id='word_1_74' title='bbox 339 982 473 1036; x_wconf 84' lang='lat' dir='ltr'>infernam</span> <span class='ocrx_word' id='word_1_75' title='bbox 492 985 521 1034; x_wconf 91' lang='lat' dir='ltr'>ct</span> <span class='ocrx_word' id='word_1_76' title='bbox 539 981 601 1035; x_wconf 91' lang='lat' dir='ltr'>duri</span> <span class='ocrx_word' id='word_1_77' title='bbox 619 982 736 1035; x_wconf 89' lang='lat' dir='ltr'>sacraria</span> <span class='ocrx_word' id='word_1_78' title='bbox 754 982 841 1047; x_wconf 88' lang='lat' dir='ltr'>Ditis;</span> 
     </span>
     <span class='ocr_line' id='line_1_13' title="bbox 103 1057 952 1124; baseline -0.002 -12"><span class='ocrx_word' id='word_1_79' title='bbox 103 1058 212 1113; x_wconf 86' lang='lat' dir='ltr'>Audiat</span> <span class='ocrx_word' id='word_1_80' title='bbox 229 1057 297 1112; x_wconf 86' lang='lat' dir='ltr'>haec</span> <span class='ocrx_word' id='word_1_81' title='bbox 315 1057 437 1124; x_wconf 78' lang='lat' dir='ltr'>Genitor,</span> <span class='ocrx_word' id='word_1_82' title='bbox 456 1057 503 1124; x_wconf 92' lang='lat' dir='ltr'>qui</span> <span class='ocrx_word' id='word_1_83' title='bbox 520 1057 631 1110; x_wconf 88' lang='lat' dir='ltr'>foedera</span> <span class='ocrx_word' id='word_1_84' title='bbox 648 1057 760 1112; x_wconf 81' lang='lat' dir='ltr'>fulmine</span> <span class='ocrx_word' id='word_1_85' title='bbox 778 1059 871 1112; x_wconf 90' lang='lat' dir='ltr'>saucit.</span> <span class='ocrx_word' id='word_1_86' title='bbox 916 1071 952 1110; x_wconf 81' lang='lat' dir='ltr'>aco</span> 
     </span>
     <span class='ocr_line' id='line_1_14' title="bbox 102 1133 786 1202; baseline 0 -14"><span class='ocrx_word' id='word_1_87' title='bbox 102 1135 197 1202; x_wconf 83' lang='lat' dir='ltr'>Tango</span> <span class='ocrx_word' id='word_1_88' title='bbox 215 1150 283 1201; x_wconf 81' lang='lat' dir='ltr'>aras,</span> <span class='ocrx_word' id='word_1_89' title='bbox 301 1133 405 1186; x_wconf 90' lang='lat' dir='ltr'>medios</span> <span class='ocrx_word' id='word_1_90' title='bbox 422 1134 493 1200; x_wconf 85' lang='lat' dir='ltr'>ignis</span> <span class='ocrx_word' id='word_1_91' title='bbox 511 1136 540 1185; x_wconf 88' lang='lat' dir='ltr'>et</span> <span class='ocrx_word' id='word_1_92' title='bbox 557 1133 669 1186; x_wconf 89' lang='lat' dir='ltr'>numina</span> <span class='ocrx_word' id='word_1_93' title='bbox 686 1137 786 1188; x_wconf 86' lang='lat' dir='ltr'>testor:</span> 
     </span>
    </p>

    <p class='ocr_par' dir='ltr' id='par_1_6' title="bbox 102 1209 905 1428">
     <span class='ocr_line' id='line_1_15' title="bbox 102 1209 892 1277; baseline 0 -15"><span class='ocrx_word' id='word_1_94' title='bbox 102 1209 188 1263; x_wconf 89' lang='lat' dir='ltr'>Nulla</span> <span class='ocrx_word' id='word_1_95' title='bbox 205 1209 265 1263; x_wconf 89' lang='lat' dir='ltr'>dies</span> <span class='ocrx_word' id='word_1_96' title='bbox 282 1225 377 1277; x_wconf 87' lang='lat' dir='ltr'>pacem</span> <span class='ocrx_word' id='word_1_97' title='bbox 395 1209 464 1262; x_wconf 87' lang='lat' dir='ltr'>hane</span> <span class='ocrx_word' id='word_1_98' title='bbox 483 1209 562 1262; x_wconf 90' lang='lat' dir='ltr'>Italis</span> <span class='ocrx_word' id='word_1_99' title='bbox 579 1225 629 1262; x_wconf 91' lang='lat' dir='ltr'>nec</span> <span class='ocrx_word' id='word_1_100' title='bbox 646 1210 758 1262; x_wconf 83' lang='lat' dir='ltr'>foedera</span> <span class='ocrx_word' id='word_1_101' title='bbox 776 1213 892 1277; x_wconf 86' lang='lat' dir='ltr'>rumpet,</span> 
     </span>
     <span class='ocr_line' id='line_1_16' title="bbox 103 1284 905 1352; baseline 0.002 -14"><span class='ocrx_word' id='word_1_102' title='bbox 103 1287 165 1351; x_wconf 84' lang='lat' dir='ltr'>Quo</span> <span class='ocrx_word' id='word_1_103' title='bbox 182 1302 227 1339; x_wconf 85' lang='lat' dir='ltr'>res</span> <span class='ocrx_word' id='word_1_104' title='bbox 245 1302 360 1352; x_wconf 89' lang='lat' dir='ltr'>eumque</span> <span class='ocrx_word' id='word_1_105' title='bbox 378 1284 493 1348; x_wconf 88' lang='lat' dir='ltr'>cadeut;</span> <span class='ocrx_word' id='word_1_106' title='bbox 510 1300 560 1338; x_wconf 88' lang='lat' dir='ltr'>nec</span> <span class='ocrx_word' id='word_1_107' title='bbox 577 1301 621 1337; x_wconf 91' lang='lat' dir='ltr'>me</span> <span class='ocrx_word' id='word_1_108' title='bbox 638 1285 679 1336; x_wconf 87' lang='lat' dir='ltr'>vis</span> <span class='ocrx_word' id='word_1_109' title='bbox 697 1285 752 1338; x_wconf 88' lang='lat' dir='ltr'>ulla</span> <span class='ocrx_word' id='word_1_110' title='bbox 769 1285 905 1340; x_wconf 84' lang='lat' dir='ltr'>volentem</span> 
     </span>
     <span class='ocr_line' id='line_1_17' title="bbox 106 1359 795 1428; baseline -0.004 -13"><span class='ocrx_word' id='word_1_111' title='bbox 106 1364 231 1428; x_wconf 87' lang='lat' dir='ltr'>Avertet,</span> <span class='ocrx_word' id='word_1_112' title='bbox 249 1377 310 1427; x_wconf 90' lang='lat' dir='ltr'>non,</span> <span class='ocrx_word' id='word_1_113' title='bbox 328 1360 350 1414; x_wconf 86' lang='lat' dir='ltr'>si</span> <span class='ocrx_word' id='word_1_114' title='bbox 369 1361 495 1414; x_wconf 88' lang='lat' dir='ltr'>tellurem</span> <span class='ocrx_word' id='word_1_115' title='bbox 514 1359 637 1413; x_wconf 87' lang='lat' dir='ltr'>effundat</span> <span class='ocrx_word' id='word_1_116' title='bbox 654 1361 682 1414; x_wconf 90' lang='lat' dir='ltr'>in</span> <span class='ocrx_word' id='word_1_117' title='bbox 699 1361 795 1426; x_wconf 88' lang='lat' dir='ltr'>undas,</span> 
     </span>
    </p>

    <p class='ocr_par' dir='ltr' id='par_1_7' title="bbox 105 1435 952 1580">
     <span class='ocr_line' id='line_1_18' title="bbox 105 1435 952 1503; baseline 0 -13"><span class='ocrx_word' id='word_1_118' title='bbox 105 1437 214 1490; x_wconf 83' lang='lat' dir='ltr'>Diluvio</span> <span class='ocrx_word' id='word_1_119' title='bbox 232 1437 354 1502; x_wconf 87' lang='lat' dir='ltr'>miscens,</span> <span class='ocrx_word' id='word_1_120' title='bbox 373 1437 532 1503; x_wconf 85' lang='lat' dir='ltr'>caelumque</span> <span class='ocrx_word' id='word_1_121' title='bbox 549 1436 577 1488; x_wconf 91' lang='lat' dir='ltr'>in</span> <span class='ocrx_word' id='word_1_122' title='bbox 597 1435 711 1488; x_wconf 85' lang='lat' dir='ltr'>Tartara</span> <span class='ocrx_word' id='word_1_123' title='bbox 729 1436 830 1501; x_wconf 86' lang='lat' dir='ltr'>solvat;</span> <span class='ocrx_word' id='word_1_124' title='bbox 915 1451 952 1490; x_wconf 78' lang='lat' dir='ltr'>aot</span> 
     </span>
     <span class='ocr_line' id='line_1_19' title="bbox 105 1511 952 1580; baseline 0 -14"><span class='ocrx_word' id='word_1_125' title='bbox 105 1514 145 1566; x_wconf 92' lang='lat' dir='ltr'>Ut</span> <span class='ocrx_word' id='word_1_126' title='bbox 158 1517 294 1580; x_wconf 81' lang='lat' dir='ltr'>sceptrum</span> <span class='ocrx_word' id='word_1_127' title='bbox 306 1511 492 1566; x_wconf 79' lang='lat' dir='ltr'>hoe-dextra</span> <span class='ocrx_word' id='word_1_128' title='bbox 504 1514 641 1578; x_wconf 81' lang='lat' dir='ltr'>sceptrum</span> <span class='ocrx_word' id='word_1_129' title='bbox 649 1527 712 1564; x_wconf 88' lang='lat' dir='ltr'>nam</span> <span class='ocrx_word' id='word_1_130' title='bbox 720 1511 791 1564; x_wconf 83' lang='lat' dir='ltr'>sorte</span> <span class='ocrx_word' id='word_1_131' title='bbox 802 1511 952 1580; x_wconf 79' lang='lat' dir='ltr'>gerebat—</span> 
     </span>
    </p>
   </div>
   <div class='ocr_carea' id='block_1_5' title="bbox 3 1585 904 1808">
    <p class='ocr_par' dir='ltr' id='par_1_8' title="bbox 3 1585 904 1808">
     <span class='ocr_line' id='line_1_20' title="bbox 3 1585 904 1658; baseline 0 -16"><span class='ocrx_word' id='word_1_132' title='bbox 3 1645 5 1658; x_wconf 34' lang='lat'>,</span> <span class='ocrx_word' id='word_1_133' title='bbox 103 1589 261 1656; x_wconf 84' lang='lat' dir='ltr'>Numquam</span> <span class='ocrx_word' id='word_1_134' title='bbox 280 1587 376 1642; x_wconf 88' lang='lat' dir='ltr'>froude</span> <span class='ocrx_word' id='word_1_135' title='bbox 395 1587 448 1640; x_wconf 89' lang='lat' dir='ltr'>levi</span> <span class='ocrx_word' id='word_1_136' title='bbox 465 1586 564 1640; x_wconf 87' lang='lat' dir='ltr'>fundet</span> <span class='ocrx_word' id='word_1_137' title='bbox 580 1585 701 1654; x_wconf 79' lang='lat' dir='ltr'>virgulta</span> <span class='ocrx_word' id='word_1_138' title='bbox 718 1603 768 1642; x_wconf 89' lang='lat' dir='ltr'>nee</span> <span class='ocrx_word' id='word_1_139' title='bbox 785 1588 904 1655; x_wconf 90' lang='lat' dir='ltr'>umbras,</span> 
     </span>
     <span class='ocr_line' id='line_1_21' title="bbox 3 1663 779 1732; baseline -0.003 -14"><span class='ocrx_word' id='word_1_140' title='bbox 3 1687 4 1692; x_wconf 49' lang='lat'>¹</span> <span class='ocrx_word' id='word_1_141' title='bbox 103 1666 175 1718; x_wconf 81' lang='lat' dir='ltr'>Cum</span> <span class='ocrx_word' id='word_1_142' title='bbox 194 1665 275 1717; x_wconf 89' lang='lat' dir='ltr'>semel</span> <span class='ocrx_word' id='word_1_143' title='bbox 294 1664 322 1716; x_wconf 90' lang='lat' dir='ltr'>in</span> <span class='ocrx_word' id='word_1_144' title='bbox 341 1664 415 1718; x_wconf 84' lang='lat' dir='ltr'>silvis</span> <span class='ocrx_word' id='word_1_145' title='bbox 432 1663 487 1716; x_wconf 88' lang='lat' dir='ltr'>imo</span> <span class='ocrx_word' id='word_1_146' title='bbox 506 1663 541 1717; x_wconf 91' lang='lat' dir='ltr'>de</span> <span class='ocrx_word' id='word_1_147' title='bbox 560 1663 645 1732; x_wconf 88' lang='lat' dir='ltr'>stirpe</span> <span class='ocrx_word' id='word_1_148' title='bbox 663 1665 779 1718; x_wconf 89' lang='lat' dir='ltr'>recisum</span> 
     </span>
     <span class='ocr_line' id='line_1_22' title="bbox 3 1739 863 1808; baseline -0.006 -10"><span class='ocrx_word' id='word_1_149' title='bbox 3 1795 4 1798; x_wconf 76' lang='grc'>,</span> <span class='ocrx_word' id='word_1_150' title='bbox 104 1741 197 1794; x_wconf 85' lang='lat' dir='ltr'>Matre</span> <span class='ocrx_word' id='word_1_151' title='bbox 214 1744 296 1807; x_wconf 81' lang='lat' dir='ltr'>caret,</span> <span class='ocrx_word' id='word_1_152' title='bbox 314 1739 460 1808; x_wconf 85' lang='lat' dir='ltr'>posuitque</span> <span class='ocrx_word' id='word_1_153' title='bbox 478 1755 568 1792; x_wconf 88' lang='lat' dir='ltr'>comas</span> <span class='ocrx_word' id='word_1_154' title='bbox 586 1745 615 1792; x_wconf 91' lang='lat' dir='ltr'>et</span> <span class='ocrx_word' id='word_1_155' title='bbox 633 1739 758 1792; x_wconf 87' lang='lat' dir='ltr'>bracchia</span> <span class='ocrx_word' id='word_1_156' title='bbox 775 1740 863 1804; x_wconf 87' lang='lat' dir='ltr'>ferro;</span> 
     </span>
    </p>
   </div>
   <div class='ocr_carea' id='block_1_6' title="bbox 104 1814 953 2022">
    <p class='ocr_par' dir='ltr' id='par_1_9' title="bbox 104 1814 953 2022">
     <span class='ocr_line' id='line_1_23' title="bbox 104 1814 953 1881; baseline -0.001 -12"><span class='ocrx_word' id='word_1_157' title='bbox 104 1816 178 1869; x_wconf 90' lang='lat' dir='ltr'>Olim</span> <span class='ocrx_word' id='word_1_158' title='bbox 195 1815 294 1881; x_wconf 88' lang='lat' dir='ltr'>arbos;</span> <span class='ocrx_word' id='word_1_159' title='bbox 312 1832 383 1868; x_wconf 91' lang='lat' dir='ltr'>nunc</span> <span class='ocrx_word' id='word_1_160' title='bbox 400 1814 512 1868; x_wconf 88' lang='lat' dir='ltr'>artificis</span> <span class='ocrx_word' id='word_1_161' title='bbox 529 1831 625 1868; x_wconf 84' lang='lat' dir='ltr'>manus</span> <span class='ocrx_word' id='word_1_162' title='bbox 642 1831 706 1869; x_wconf 89' lang='lat' dir='ltr'>aere</span> <span class='ocrx_word' id='word_1_163' title='bbox 724 1814 823 1869; x_wconf 89' lang='lat' dir='ltr'>decoro</span> <span class='ocrx_word' id='word_1_164' title='bbox 916 1829 953 1868; x_wconf 85' lang='lat' dir='ltr'>am</span> 
     </span>
     <span class='ocr_line' id='line_1_24' title="bbox 104 1890 780 1960; baseline -0.003 -14"><span class='ocrx_word' id='word_1_165' title='bbox 104 1892 227 1956; x_wconf 87' lang='lat' dir='ltr'>Inclusit,</span> <span class='ocrx_word' id='word_1_166' title='bbox 246 1890 425 1960; x_wconf 86' lang='lat' dir='ltr'>patribusque</span> <span class='ocrx_word' id='word_1_167' title='bbox 443 1890 522 1944; x_wconf 85' lang='lat' dir='ltr'>dedit</span> <span class='ocrx_word' id='word_1_168' title='bbox 538 1894 648 1958; x_wconf 85' lang='lat' dir='ltr'>gestare</span> <span class='ocrx_word' id='word_1_169' title='bbox 667 1890 780 1945; x_wconf 88' lang='lat' dir='ltr'>Latinis.</span> 
     </span>
     <span class='ocr_line' id='line_1_25' title="bbox 104 1965 746 2022; baseline 0 -2"><span class='ocrx_word' id='word_1_170' title='bbox 104 1968 216 2022; x_wconf 82' lang='lat' dir='ltr'>Talibus</span> <span class='ocrx_word' id='word_1_171' title='bbox 234 1968 306 2021; x_wconf 87' lang='lat' dir='ltr'>inter</span> <span class='ocrx_word' id='word_1_172' title='bbox 324 1985 353 2022; x_wconf 88' lang='lat' dir='ltr'>se</span> <span class='ocrx_word' id='word_1_173' title='bbox 372 1965 518 2020; x_wconf 86' lang='lat' dir='ltr'>firmabant</span> <span class='ocrx_word' id='word_1_174' title='bbox 535 1966 647 2021; x_wconf 87' lang='lat' dir='ltr'>foedera</span> <span class='ocrx_word' id='word_1_175' title='bbox 665 1966 746 2021; x_wconf 91' lang='lat' dir='ltr'>dictis</span> 
     </span>
    </p>
   </div>
   <div class='ocr_carea' id='block_1_7' title="bbox 3 2043 894 2112">
    <p class='ocr_par' dir='ltr' id='par_1_10' title="bbox 3 2043 894 2112">
     <span class='ocr_line' id='line_1_26' title="bbox 3 2043 894 2112; baseline -0.001 -14"><span class='ocrx_word' id='word_1_176' title='bbox 3 2083 4 2104; x_wconf 51' lang='lat'><em>2</em></span> <span class='ocrx_word' id='word_1_177' title='bbox 105 2045 260 2112; x_wconf 80' lang='lat' dir='ltr'>Conspectu</span> <span class='ocrx_word' id='word_1_178' title='bbox 277 2044 304 2098; x_wconf 88' lang='lat' dir='ltr'>in</span> <span class='ocrx_word' id='word_1_179' title='bbox 322 2043 412 2096; x_wconf 90' lang='lat' dir='ltr'>medio</span> <span class='ocrx_word' id='word_1_180' title='bbox 430 2059 581 2111; x_wconf 88' lang='lat' dir='ltr'>procerum.</span> <span class='ocrx_word' id='word_1_181' title='bbox 618 2043 685 2096; x_wconf 86' lang='lat' dir='ltr'>Tum</span> <span class='ocrx_word' id='word_1_182' title='bbox 703 2043 756 2096; x_wconf 87' lang='lat' dir='ltr'>rite</span> <span class='ocrx_word' id='word_1_183' title='bbox 774 2046 894 2097; x_wconf 88' lang='lat' dir='ltr'>sacratas</span> 
     </span>
    </p>
   </div>
   <div class='ocr_carea' id='block_1_8' title="bbox 105 2118 954 2415">
    <p class='ocr_par' dir='ltr' id='par_1_11' title="bbox 105 2118 833 2187">
     <span class='ocr_line' id='line_1_27' title="bbox 105 2118 833 2187; baseline -0.001 -15"><span class='ocrx_word' id='word_1_184' title='bbox 105 2121 140 2172; x_wconf 92' lang='lat' dir='ltr'>ln</span> <span class='ocrx_word' id='word_1_185' title='bbox 158 2119 294 2172; x_wconf 88' lang='lat' dir='ltr'>flammam</span> <span class='ocrx_word' id='word_1_186' title='bbox 312 2119 436 2187; x_wconf 85' lang='lat' dir='ltr'>iugulant</span> <span class='ocrx_word' id='word_1_187' title='bbox 453 2118 579 2186; x_wconf 88' lang='lat' dir='ltr'>pecudes,</span> <span class='ocrx_word' id='word_1_188' title='bbox 598 2122 627 2172; x_wconf 90' lang='lat' dir='ltr'>et</span> <span class='ocrx_word' id='word_1_189' title='bbox 644 2119 748 2172; x_wconf 86' lang='lat' dir='ltr'>viscera</span> <span class='ocrx_word' id='word_1_190' title='bbox 765 2119 833 2172; x_wconf 82' lang='lat' dir='ltr'>rivis</span> 
     </span>
    </p>

    <p class='ocr_par' dir='ltr' id='par_1_12' title="bbox 106 2194 954 2339">
     <span class='ocr_line' id='line_1_28' title="bbox 106 2194 954 2263; baseline 0.001 -15"><span class='ocrx_word' id='word_1_191' title='bbox 106 2195 241 2263; x_wconf 83' lang='lat' dir='ltr'>Eripiunt,</span> <span class='ocrx_word' id='word_1_192' title='bbox 259 2196 451 2262; x_wconf 84' lang='lat' dir='ltr'>cumulantque</span> <span class='ocrx_word' id='word_1_193' title='bbox 469 2195 588 2248; x_wconf 86' lang='lat' dir='ltr'>oneratis</span> <span class='ocrx_word' id='word_1_194' title='bbox 605 2194 727 2247; x_wconf 88' lang='lat' dir='ltr'>lancibus</span> <span class='ocrx_word' id='word_1_195' title='bbox 745 2211 814 2248; x_wconf 85' lang='lat' dir='ltr'>aras.</span> <span class='ocrx_word' id='word_1_196' title='bbox 917 2207 954 2250; x_wconf 75' lang='lat' dir='ltr'>alt</span> 
     </span>
     <span class='ocr_line' id='line_1_29' title="bbox 143 2271 753 2339; baseline -0.002 -14"><span class='ocrx_word' id='word_1_197' title='bbox 143 2275 181 2326; x_wconf 85' lang='lat' dir='ltr'>At</span> <span class='ocrx_word' id='word_1_198' title='bbox 200 2288 264 2324; x_wconf 89' lang='lat' dir='ltr'>vcro</span> <span class='ocrx_word' id='word_1_199' title='bbox 283 2271 392 2325; x_wconf 82' lang='lat' dir='ltr'>Rutulis</span> <span class='ocrx_word' id='word_1_200' title='bbox 410 2272 488 2339; x_wconf 85' lang='lat' dir='ltr'>inpar</span> <span class='ocrx_word' id='word_1_201' title='bbox 506 2288 538 2326; x_wconf 87' lang='lat' dir='ltr'>ca</span> <span class='ocrx_word' id='word_1_202' title='bbox 555 2287 647 2339; x_wconf 80' lang='lat' dir='ltr'>pugna</span> <span class='ocrx_word' id='word_1_203' title='bbox 665 2271 753 2324; x_wconf 84' lang='lat' dir='ltr'>videri</span> 
     </span>
    </p>

    <p class='ocr_par' dir='ltr' id='par_1_13' title="bbox 107 2347 782 2415">
     <span class='ocr_line' id='line_1_30' title="bbox 107 2347 782 2415; baseline 0 -15"><span class='ocrx_word' id='word_1_204' title='bbox 107 2347 280 2415; x_wconf 83' lang='lat' dir='ltr'>Iamdudum,</span> <span class='ocrx_word' id='word_1_205' title='bbox 298 2351 328 2400; x_wconf 89' lang='lat' dir='ltr'>et</span> <span class='ocrx_word' id='word_1_206' title='bbox 344 2348 419 2400; x_wconf 83' lang='lat' dir='ltr'>vario</span> <span class='ocrx_word' id='word_1_207' title='bbox 437 2347 543 2400; x_wconf 88' lang='lat' dir='ltr'>misceri</span> <span class='ocrx_word' id='word_1_208' title='bbox 560 2349 670 2414; x_wconf 89' lang='lat' dir='ltr'>pectora</span> <span class='ocrx_word' id='word_1_209' title='bbox 688 2351 782 2411; x_wconf 88' lang='lat' dir='ltr'>motu;</span> 
     </span>
    </p>
   </div>
   <div class='ocr_carea' id='block_1_9' title="bbox 3 2415 909 2492">
    <p class='ocr_par' dir='ltr' id='par_1_14' title="bbox 3 2415 909 2492">
     <span class='ocr_line' id='line_1_31' title="bbox 3 2415 909 2492; baseline 0.002 -16"><span class='ocrx_word' id='word_1_210' title='bbox 3 2415 4 2434; x_wconf 60' lang='lat'>¹</span> <span class='ocrx_word' id='word_1_211' title='bbox 107 2425 175 2477; x_wconf 84' lang='lat' dir='ltr'>Tum</span> <span class='ocrx_word' id='word_1_212' title='bbox 193 2424 288 2492; x_wconf 85' lang='lat' dir='ltr'>magis,</span> <span class='ocrx_word' id='word_1_213' title='bbox 305 2427 337 2477; x_wconf 88' lang='lat' dir='ltr'>ut</span> <span class='ocrx_word' id='word_1_214' title='bbox 354 2423 465 2491; x_wconf 86' lang='lat' dir='ltr'>propius</span> <span class='ocrx_word' id='word_1_215' title='bbox 483 2427 598 2476; x_wconf 89' lang='lat' dir='ltr'>cernunt</span> <span class='ocrx_word' id='word_1_216' title='bbox 615 2440 669 2476; x_wconf 90' lang='lat' dir='ltr'>non</span> <span class='ocrx_word' id='word_1_217' title='bbox 687 2423 790 2477; x_wconf 86' lang='lat' dir='ltr'>viribus</span> <span class='ocrx_word' id='word_1_218' title='bbox 807 2424 909 2492; x_wconf 86' lang='lat' dir='ltr'>aequis.</span> 
     </span>
    </p>
   </div>
   <div class='ocr_carea' id='block_1_10' title="bbox 108 2499 956 3253">
    <p class='ocr_par' dir='ltr' id='par_1_15' title="bbox 109 2499 770 2566">
     <span class='ocr_line' id='line_1_32' title="bbox 109 2499 770 2566; baseline -0.005 -13"><span class='ocrx_word' id='word_1_219' title='bbox 109 2501 230 2554; x_wconf 87' lang='lat' dir='ltr'>Adiuvat</span> <span class='ocrx_word' id='word_1_220' title='bbox 247 2500 354 2553; x_wconf 90' lang='lat' dir='ltr'>incessu</span> <span class='ocrx_word' id='word_1_221' title='bbox 372 2499 455 2552; x_wconf 88' lang='lat' dir='ltr'>tacito</span> <span class='ocrx_word' id='word_1_222' title='bbox 473 2515 631 2566; x_wconf 84' lang='lat' dir='ltr'>progressus</span> <span class='ocrx_word' id='word_1_223' title='bbox 650 2501 770 2550; x_wconf 79' lang='lat' dir='ltr'>staram</span> 
     </span>
    </p>

    <p class='ocr_par' dir='ltr' id='par_1_16' title="bbox 108 2573 956 2870">
     <span class='ocr_line' id='line_1_33' title="bbox 108 2573 956 2644; baseline -0.002 -15"><span class='ocrx_word' id='word_1_224' title='bbox 108 2575 272 2644; x_wconf 84' lang='lat' dir='ltr'>Suppliciter</span> <span class='ocrx_word' id='word_1_225' title='bbox 290 2591 422 2628; x_wconf 87' lang='lat' dir='ltr'>venerans</span> <span class='ocrx_word' id='word_1_226' title='bbox 440 2573 557 2626; x_wconf 87' lang='lat' dir='ltr'>demisso</span> <span class='ocrx_word' id='word_1_227' title='bbox 575 2573 676 2626; x_wconf 89' lang='lat' dir='ltr'>lumine</span> <span class='ocrx_word' id='word_1_228' title='bbox 695 2573 808 2640; x_wconf 80' lang='lat' dir='ltr'>Turnus,</span> <span class='ocrx_word' id='word_1_229' title='bbox 919 2588 956 2628; x_wconf 72' lang='lat' dir='ltr'>ato</span> 
     </span>
     <span class='ocr_line' id='line_1_34' title="bbox 108 2649 873 2718; baseline -0.003 -14"><span class='ocrx_word' id='word_1_230' title='bbox 108 2651 299 2718; x_wconf 71' lang='lat' dir='ltr'>&#39;tabentesque</span> <span class='ocrx_word' id='word_1_231' title='bbox 316 2667 402 2718; x_wconf 82' lang='lat' dir='ltr'>genae</span> <span class='ocrx_word' id='word_1_232' title='bbox 422 2653 450 2704; x_wconf 90' lang='lat' dir='ltr'>ct</span> <span class='ocrx_word' id='word_1_233' title='bbox 468 2649 630 2704; x_wconf 69' lang='lat' dir='ltr'>juvenaliin</span> <span class='ocrx_word' id='word_1_234' title='bbox 648 2665 760 2718; x_wconf 87' lang='lat' dir='ltr'>corporo</span> <span class='ocrx_word' id='word_1_235' title='bbox 778 2649 873 2717; x_wconf 89' lang='lat' dir='ltr'>pallor.</span> 
     </span>
     <span class='ocr_line' id='line_1_35' title="bbox 109 2723 835 2791; baseline -0.003 -11"><span class='ocrx_word' id='word_1_236' title='bbox 109 2727 196 2791; x_wconf 79' lang='lat' dir='ltr'>Quem</span> <span class='ocrx_word' id='word_1_237' title='bbox 215 2726 343 2779; x_wconf 87' lang='lat' dir='ltr'>simulac</span> <span class='ocrx_word' id='word_1_238' title='bbox 362 2727 478 2787; x_wconf 84' lang='lat' dir='ltr'>Iuturna</span> <span class='ocrx_word' id='word_1_239' title='bbox 495 2741 571 2778; x_wconf 86' lang='lat' dir='ltr'>soror</span> <span class='ocrx_word' id='word_1_240' title='bbox 590 2723 748 2778; x_wconf 81' lang='lat' dir='ltr'>erabescere</span> <span class='ocrx_word' id='word_1_241' title='bbox 766 2723 835 2778; x_wconf 80' lang='lat' dir='ltr'>vidit</span> 
     </span>
     <span class='ocr_line' id='line_1_36' title="bbox 109 2799 777 2870; baseline -0.007 -13"><span class='ocrx_word' id='word_1_242' title='bbox 109 2803 273 2869; x_wconf 80' lang='lat' dir='ltr'>Sermonem,</span> <span class='ocrx_word' id='word_1_243' title='bbox 292 2806 320 2856; x_wconf 89' lang='lat' dir='ltr'>et</span> <span class='ocrx_word' id='word_1_244' title='bbox 338 2802 410 2870; x_wconf 84' lang='lat' dir='ltr'>volgi</span> <span class='ocrx_word' id='word_1_245' title='bbox 427 2802 532 2854; x_wconf 87' lang='lat' dir='ltr'>variare</span> <span class='ocrx_word' id='word_1_246' title='bbox 550 2799 669 2854; x_wconf 86' lang='lat' dir='ltr'>labantia</span> <span class='ocrx_word' id='word_1_247' title='bbox 686 2799 777 2868; x_wconf 89' lang='lat' dir='ltr'>corda,</span> 
     </span>
    </p>

    <p class='ocr_par' dir='ltr' id='par_1_17' title="bbox 109 2876 853 2945">
     <span class='ocr_line' id='line_1_37' title="bbox 109 2876 853 2945; baseline -0.007 -13"><span class='ocrx_word' id='word_1_248' title='bbox 109 2879 142 2932; x_wconf 90' lang='lat' dir='ltr'>ln</span> <span class='ocrx_word' id='word_1_249' title='bbox 160 2879 265 2932; x_wconf 88' lang='lat' dir='ltr'>medias</span> <span class='ocrx_word' id='word_1_250' title='bbox 282 2879 361 2945; x_wconf 79' lang='lat' dir='ltr'>acies,</span> <span class='ocrx_word' id='word_1_251' title='bbox 378 2878 491 2930; x_wconf 78' lang='lat' dir='ltr'>somnam</span> <span class='ocrx_word' id='word_1_252' title='bbox 510 2876 673 2930; x_wconf 87' lang='lat' dir='ltr'>adsimulata</span> <span class='ocrx_word' id='word_1_253' title='bbox 692 2876 853 2941; x_wconf 79' lang='lat' dir='ltr'>Camerti,-</span> 
     </span>
    </p>

    <p class='ocr_par' dir='ltr' id='par_1_18' title="bbox 108 2953 956 3097">
     <span class='ocr_line' id='line_1_38' title="bbox 108 2953 956 3022; baseline -0.006 -13"><span class='ocrx_word' id='word_1_254' title='bbox 108 2955 160 3009; x_wconf 81' lang='lat' dir='ltr'>eui</span> <span class='ocrx_word' id='word_1_255' title='bbox 177 2971 265 3022; x_wconf 88' lang='lat' dir='ltr'>genus</span> <span class='ocrx_word' id='word_1_256' title='bbox 282 2971 299 3007; x_wconf 86' lang='lat' dir='ltr'>a</span> <span class='ocrx_word' id='word_1_257' title='bbox 316 2955 423 3022; x_wconf 88' lang='lat' dir='ltr'>proavis</span> <span class='ocrx_word' id='word_1_258' title='bbox 441 2954 544 3020; x_wconf 85' lang='lat' dir='ltr'>iugens,</span> <span class='ocrx_word' id='word_1_259' title='bbox 562 2953 719 3020; x_wconf 89' lang='lat' dir='ltr'>clarumque</span> <span class='ocrx_word' id='word_1_260' title='bbox 736 2954 867 3021; x_wconf 88' lang='lat' dir='ltr'>paternae</span> <span class='ocrx_word' id='word_1_261' title='bbox 919 2963 956 3004; x_wconf 66' lang='lat' dir='ltr'>aas</span> 
     </span>
     <span class='ocr_line' id='line_1_39' title="bbox 108 3027 853 3097; baseline -0.007 -13"><span class='ocrx_word' id='word_1_262' title='bbox 108 3032 216 3085; x_wconf 90' lang='lat' dir='ltr'>Nomen</span> <span class='ocrx_word' id='word_1_263' title='bbox 234 3035 294 3084; x_wconf 87' lang='lat' dir='ltr'>erat</span> <span class='ocrx_word' id='word_1_264' title='bbox 312 3031 429 3096; x_wconf 75' lang='lat' dir='ltr'>virtutis,</span> <span class='ocrx_word' id='word_1_265' title='bbox 448 3033 477 3083; x_wconf 88' lang='lat' dir='ltr'>ct</span> <span class='ocrx_word' id='word_1_266' title='bbox 494 3030 552 3097; x_wconf 89' lang='lat' dir='ltr'>ipse</span> <span class='ocrx_word' id='word_1_267' title='bbox 570 3029 719 3082; x_wconf 87' lang='lat' dir='ltr'>acerrimus</span> <span class='ocrx_word' id='word_1_268' title='bbox 736 3027 853 3080; x_wconf 88' lang='lat' dir='ltr'>armis—</span> 
     </span>
    </p>

    <p class='ocr_par' dir='ltr' id='par_1_19' title="bbox 109 3103 819 3253">
     <span class='ocr_line' id='line_1_40' title="bbox 109 3103 819 3172; baseline -0.01 -11"><span class='ocrx_word' id='word_1_269' title='bbox 109 3108 143 3161; x_wconf 91' lang='lat' dir='ltr'>In</span> <span class='ocrx_word' id='word_1_270' title='bbox 160 3107 264 3161; x_wconf 87' lang='lat' dir='ltr'>medias</span> <span class='ocrx_word' id='word_1_271' title='bbox 282 3106 330 3160; x_wconf 90' lang='lat' dir='ltr'>dat</span> <span class='ocrx_word' id='word_1_272' title='bbox 347 3123 406 3160; x_wconf 88' lang='lat' dir='ltr'>sese</span> <span class='ocrx_word' id='word_1_273' title='bbox 424 3104 502 3172; x_wconf 89' lang='lat' dir='ltr'>acies,</span> <span class='ocrx_word' id='word_1_274' title='bbox 520 3104 594 3157; x_wconf 90' lang='lat' dir='ltr'>haud</span> <span class='ocrx_word' id='word_1_275' title='bbox 611 3103 703 3156; x_wconf 87' lang='lat' dir='ltr'>nescia</span> <span class='ocrx_word' id='word_1_276' title='bbox 719 3118 819 3168; x_wconf 88' lang='lat' dir='ltr'>rerum,</span> 
     </span>
     <span class='ocr_line' id='line_1_41' title="bbox 110 3177 737 3253; baseline -0.008 -17"><span class='ocrx_word' id='word_1_277' title='bbox 110 3182 298 3253; x_wconf 79' lang='lat' dir='ltr'>ltunroresque</span> <span class='ocrx_word' id='word_1_278' title='bbox 315 3182 383 3239; x_wconf 80' lang='lat' dir='ltr'>serit</span> <span class='ocrx_word' id='word_1_279' title='bbox 401 3181 497 3249; x_wconf 86' lang='lat' dir='ltr'>varios,</span> <span class='ocrx_word' id='word_1_280' title='bbox 515 3195 547 3232; x_wconf 86' lang='lat' dir='ltr'>ac</span> <span class='ocrx_word' id='word_1_281' title='bbox 564 3179 631 3234; x_wconf 84' lang='lat' dir='ltr'>talia</span> <span class='ocrx_word' id='word_1_282' title='bbox 648 3177 737 3231; x_wconf 85' lang='lat' dir='ltr'>fatur:</span> 
     </span>
    </p>
   </div>
   <div class='ocr_carea' id='block_1_11' title="bbox 0 0 1102 3506">
    <p class='ocr_par' dir='ltr' id='par_1_20' title="bbox 0 0 1102 3506">
     <span class='ocr_line' id='line_1_42' title="bbox 0 0 1102 3506; baseline 0 0"><span class='ocrx_word' id='word_1_283' title='bbox 0 0 1102 3506; x_wconf 95' lang='lat' dir='ltr'> </span> 
     </span>
    </p>
   </div>
  </div>
 </body>
</html>
