2154 3518
133 131 147 172 s
373 125 402 173 P.
421 124 576 172 VERGILI
592 123 758 174 MARONIS

83 205 87 214 '
131 206 175 260 M.
193 206 289 273 Cogite
308 205 372 272 ovis,
390 205 485 273 pueri;
504 205 526 257 si
544 205 586 258 lac
603 205 777 292 praeceperit
795 209 896 274 aestus,

132 281 173 336 Ut
190 299 285 349 nuper,
303 281 406 335 frustra
424 281 610 350 pressabimus
629 282 715 335 ubera
733 283 836 350 palmls.

167 358 204 411 D.
214 358 285 422 Heu,
293 357 355 429 heu,
364 357 989 427 quampinguimacerestmihitaurusinervol

134 436 214 488 Idem
231 451 307 487 amor
326 434 440 488 exitium
458 433 550 500 pecori
568 435 729 504 pecorisque
747 437 886 504 magistro.
921 436 990 492 “ror

132 512 175 565 M.
189 511 241 564 His
248 515 324 564 certe
333 527 425 594 neapo
434 526 510 563 amor
519 525 614 564 caussa
624 513 681 576 est,
691 513 737 564 alx
747 512 854 566 ossibus
862 513 991 568 haerent

133 587 232 640 Nescio
250 588 310 655 quis
328 590 439 640 teneros
458 586 551 640 oculus
569 587 635 640 mihi
653 588 769 641 fascinat
787 605 883 657 agnos.

168 665 205 718 D.
222 664 280 731 Dic,
289 662 388 733 quibus
396 663 424 718 in
432 663 580 716 terris-et
588 663 642 716 eris
651 664 717 716 mihi
727 680 843 732 magnus
851 665 991 736 Apollo-

118 741 193 792 .l¹ris
211 743 306 808 pateat
324 739 391 794 caeli
410 739 528 808 spatium
546 755 600 791 non
619 739 836 822 amphusulnas.
953 757 990 795 1os

133 817 173 869 M.
194 816 252 883 Dic,
272 816 371 884 quibus
390 814 519 868 interris
538 814 663 883 inscripti
681 816 791 868 nomina
808 832 905 884 regum

133 893 286 945 Nascantur
304 892 392 958 flores,
411 895 440 944 et
460 890 583 958 Phyllida
601 891 673 944 solus
692 890 799 944 habete.

167 969 204 1021 P.
224 968 286 1020 Non
304 971 427 1020 nostrum
445 966 584 1020 intervos
602 970 693 1022 tantas
712 984 864 1036 conponere
882 967 955 1022 lites

134 1044 170 1096 Et
188 1043 323 1097 vitulatu
341 1043 446 1110 dignus,
466 1046 495 1095 et
512 1042 564 1110 hie,
583 1047 611 1095 et
629 1043 752 1110 ansquis
770 1059 877 1097 amores
969 1065 974 1074 ·

135 1122 193 1172 Aut
210 1123 317 1173 metuet
335 1118 428 1186 dulcis,
446 1122 494 1171 ant
512 1119 670 1186 experietur
689 1135 801 1172 amaros.
959 1135 994 1174 110

135 1196 261 1250 Claudite
277 1196 331 1249 iam
349 1196 429 1263 rivos,
447 1195 540 1263 pueri:
559 1198 602 1248 sat
619 1199 700 1262 prata
718 1194 856 1250 biberunt.

417 1418 623 1477 acnoeu
650 1384 807 1496 alell

781 1483 792 1498 Ι

723 1512 730 1521 ι

490 1545 629 1594 POLLIO.

136 1661 282 1714 Sroanmns
301 1659 405 1726 Musae,
422 1659 503 1726 paulo
521 1660 624 1712 maiora
641 1665 782 1715 canamus!

136 1738 197 1790 Non
216 1735 303 1788 omnIs
320 1738 431 1788 arbusta
449 1735 542 1787 iuvant
560 1735 731 1803 humilesque
749 1736 883 1804 myricae3

137 1814 165 1866 Si
183 1813 304 1866 canimus
322 1810 410 1877 silvas,
430 1810 512 1863 silvae
531 1810 586 1863 sint
606 1812 722 1865 Consule
741 1812 847 1880 dignae.

171 1889 276 1942 Ultima
295 1887 403 1954 Cymaei
422 1887 497 1940 venit
514 1887 568 1939 iam
587 1889 714 1940 carminis
732 1893 823 1952 aetas3

137 1967 252 2032 Magnus
269 1962 305 2016 ab
322 1962 430 2030 integro
449 1962 597 2016 saeclorum
617 1964 738 2016 nascitur
756 1965 830 2018 ordo.
976 1978 988 2018 t

139 2043 197 2109 lurp
216 2040 290 2094 redit
309 2042 338 2092 et
357 2039 450 2108 Virgo,
469 2039 587 2092 redeunt
605 2039 734 2093 Saturnia
750 2058 851 2108 regua;

141 2120 198 2170 lam
215 2134 285 2171 nova
303 2117 541 2186 progeniescaelo
561 2116 717 2172 demittitur
736 2118 797 2171 alto.

138 2195 178 2247 Tu
195 2195 275 2247 modo
294 2193 415 2246 nascenti
433 2209 526 2259 puero,
545 2208 599 2259 quo
617 2193 707 2245 ferrea
723 2194 842 2261 primum

139 2271 252 2323 Desinet
270 2285 301 2322 ac
318 2270 377 2321 toto
396 2271 489 2334 surget
507 2285 575 2334 gens
594 2285 676 2321 aurea
693 2268 803 2328 mundo,

139 2347 221 2400 Casta
238 2344 297 2397 lave
317 2343 431 2397 Lucina:
450 2346 514 2396 tuus
532 2344 586 2396 iam
605 2347 704 2411 regnat
723 2344 828 2412 Apollo.
964 2357 988 2396 1o

138 2423 231 2490 'leque
249 2421 318 2474 adeo
336 2419 419 2473 decus
436 2419 486 2472 hoc
505 2420 571 2486 aevi,
589 2423 618 2474 te
638 2419 761 2486 Consule,
780 2418 867 2484 inibit,

140 2499 232 2564 Pollio,
251 2500 279 2550 et
297 2497 426 2565 incipient
444 2497 535 2564 magni
554 2496 702 2564 procedere
721 2511 842 2558 meuscs;

139 2576 177 2626 'le
195 2573 271 2640 duce,
289 2573 311 2625 si
330 2589 384 2640 qua
401 2575 512 2634 manent
533 2573 641 2626 sceleris
660 2571 774 2637 vestigia
792 2568 886 2636 nostri,

141 2651 229 2702 Inrita
247 2653 379 2716 perpetua
397 2649 501 2701 solvent
520 2648 666 2702 formidine
684 2651 779 2701 terras.

141 2727 192 2778 llle
210 2725 292 2778 deum
309 2724 393 2776 vitam
411 2726 525 2792 accipiet
544 2725 667 2792 dirisque
685 2723 789 2777 videbit
965 2732 988 2772 1⁵

142 2801 294 2855 Permixtos
311 2801 407 2854 heroas
425 2805 454 2854 et
472 2802 530 2869 ipse
549 2801 688 2855 videbitur
707 2800 766 2865 illis,

142 2878 326 2945 Paestumque
343 2880 421 2944 reget
439 2878 535 2944 patriis
554 2877 701 2929 virtutibus
720 2875 819 2929 orbem.

142 2954 182 3006 At
199 2951 249 3005 tibi
267 2953 362 3020 prima,
379 2969 455 3019 puer,
473 2952 547 3004 nullo
566 2953 724 3004 munuscula
742 2952 817 3004 cultu

142 3028 265 3080 Errantis
282 3027 399 3080 hederas
416 3027 517 3094 passim
536 3041 597 3078 cum
615 3026 746 3078 bacchare
764 3026 845 3079 tellus

142 3102 284 3170 Mixtaque
302 3102 405 3155 ridenti
423 3101 553 3154 colocasia
570 3101 667 3152 fimdet
685 3101 806 3152 acantho.

144 3177 224 3244 Ipsae
243 3177 313 3229 lacte
331 3177 441 3230 domum
460 3177 580 3227 referent
600 3175 720 3225 distenta
738 3173 857 3240 capellae
