2172 3506
137 153 182 200 316
354 149 382 196 Ρ.
402 147 555 194 VERGILI
574 145 738 194 MARONIS

137 229 208 282 Alba
228 243 305 281 rosa·
323 228 387 282 talis
405 227 482 294 virgo
501 226 586 280 dabat
604 241 650 278 ore
668 225 778 280 colores

137 305 218 358 lllum
237 267 332 357 turbdt
350 319 433 368 amor,
451 303 567 370 figitque
585 302 613 354 in
630 302 734 369 virgine
752 302 851 356 voltus.
966 317 994 360 so

138 379 229 434 Ardet
247 380 275 432 in
293 395 370 432 arma
388 379 482 445 magis,
500 381 649 447 paucisque
667 377 780 431 adfatur
801 382 948 433 Amatam:

136 455 162 508 N
164 472 187 522 e,
206 471 315 524 quaeso,
334 471 369 508 ne
386 471 430 507 me
448 454 575 519 lacrimis,
593 470 661 506 nevo
679 454 769 506 omine
787 459 865 508 tanto

137 532 307 600 Prosequere
325 531 353 584 in
371 530 434 583 duri
452 531 603 584 certamina
621 530 719 583 Martis
738 535 869 596 euntem,

136 607 159 660 Ο
178 611 282 671 mater;
300 606 478 674 nequeenim
497 605 588 658 Turno
606 622 682 659 mora
699 605 786 659 libera
804 607 909 660 mortis.

135 683 161 735 N
164 683 256 737 nntius
273 683 347 748 haec,
367 681 473 749 Idmon,
493 682 612 750 Phrygio
630 698 691 734 mea
708 682 783 735 dicta
800 687 912 750 tyranno
966 699 992 738 re

137 759 222 812 Haud
239 759 374 827 placitura
392 758 480 812 refer:
499 757 567 811 eum
586 758 705 826 primum
722 759 843 812 crastina
860 759 937 811 caelo

137 834 262 888 Puniceis
280 835 388 888 invecta
406 834 474 887 rotis
493 837 603 886 Aurora
620 833 738 900 iubebit,

135 910 161 963 N
163 926 197 962 on
211 910 330 963 Teucros
341 915 406 978 agat
418 910 447 963 iu
461 909 592 972 llutu10s;
605 909 739 962 Teucrum
748 927 825 962 arina
834 914 989 978 quiescant,

136 985 173 1039 Et
192 985 302 1040 Rutuli:
321 990 414 1040 nostro
432 985 592 1038 dirimamus
610 986 739 1052 sanguine
758 985 878 1050 bellunm

136 1061 189 1114 Illo
206 1066 356 1130 quaeratur
374 1062 490 1115 coniunx
509 1061 621 1114 Lavinia
639 1077 741 1129 campo.
965 1079 991 1115 so

171 1138 248 1191 Haec
267 1138 313 1191 ubi
332 1137 407 1191 dicta
426 1137 516 1190 dedit:
535 1137 702 1205 rapidusque
721 1138 748 1190 in
765 1141 841 1192 tecta
858 1142 990 1204 recessit;

137 1213 229 1268 Poscit
247 1230 338 1283 equos,
357 1213 514 1281 gaudetque
532 1217 613 1265 tuens
631 1217 696 1265 aute
714 1229 761 1266 ora
779 1214 932 1282 frementis,

137 1289 263 1343 Pilumno
281 1306 349 1358 quos
366 1289 426 1357 ipsa
444 1289 528 1342 decus
547 1288 626 1341 dedit
644 1289 777 1356 Orithyia,

137 1364 189 1428 Qui
208 1366 326 1419 candore
344 1366 420 1418 nives
438 1365 584 1430 anteirent,
603 1363 726 1417 cursibus
744 1381 834 1418 auras.

137 1441 321 1496 Circumstant
339 1440 449 1509 properi
468 1440 578 1507 aurigae
597 1440 776 1507 nrauibusque
794 1441 934 1496 lacessunt
965 1458 990 1496 sa

138 1516 252 1569 Pectora
270 1516 365 1584 plausa
382 1516 456 1569 cavis
475 1520 504 1570 et
522 1515 590 1568 colla
607 1516 743 1569 comantia
760 1520 881 1584 pectunt

137 1592 201 1659 lpse
220 1591 319 1644 dehinc
337 1609 403 1644 auro
422 1591 592 1658 squalentem
611 1591 728 1660 alboque
746 1591 882 1647 orichalco

137 1666 294 1721 Oircumdat
311 1667 422 1720 loricam
441 1666 577 1731 bumeris;
595 1667 674 1720 simul
693 1671 771 1735 aptat
789 1667 916 1722 habendo

137 1743 293 1812 Ilnsemque
310 1743 482 1811 clipeumque
501 1747 530 1796 et
548 1743 647 1796 rubrae
664 1760 765 1798 cornua
782 1745 896 1810 cristae;

137 1821 244 1886 llnsem,
263 1835 344 1888 quem
363 1819 459 1872 Dauno
477 1819 633 1887 ignipotens
652 1819 720 1891 deus
738 1819 797 1888 ipse
814 1821 924 1889 parenti
964 1837 991 1875 oo

137 1895 253 1949 Fecerat
271 1899 300 1948 ct
319 1895 413 1963 Stygia
431 1895 594 1948 candentem
613 1896 734 1949 tinxerat
752 1897 835 1951 unda.

137 1971 213 2036 Exin,
232 1988 302 2040 quae
319 1971 418 2024 mediis
435 1971 539 2038 ingenti
558 1970 658 2022 adnixa
675 1971 816 2024 columnae

138 2047 264 2100 Aedibus
282 2046 417 2110 adstabat,
435 2046 553 2098 validam
571 2045 598 2098 vi
616 2047 731 2114 corripit
748 2048 864 2116 hastam,

140 2123 248 2175 Actoris
267 2122 390 2176 Aurunci
409 2122 532 2190 spolium,
550 2125 716 2190 quassatque
734 2127 907 2192 trementem,

139 2199 310 2252 Vociferans:
336 2199 422 2263 Nunc,
440 2215 456 2250 o
474 2214 621 2266 numquam
639 2198 771 2253 frustrata
789 2205 902 2254 vocatus
964 2218 991 2256 ae

138 2273 228 2326 Hasta
244 2291 326 2339 meos,
344 2291 415 2326 nunc
432 2278 543 2342 tempus
559 2274 653 2338 adest3
670 2277 699 2327 te
717 2292 860 2330 maxumus
880 2279 977 2346 Actor,

137 2349 174 2401 'le
193 2349 276 2401 Turni
294 2365 365 2401 nuuc
383 2349 482 2402 dextra
499 2350 586 2416 gerit;
605 2350 641 2402 da
659 2354 782 2405 atemere
800 2369 898 2422 corpus

137 2423 315 2492 Loricamque
332 2441 415 2477 manu
433 2425 524 2478 valida
541 2425 660 2478 lacerare
680 2427 812 2481 revulsam

137 2500 261 2555 Semiviri
280 2499 403 2568 Phrygis,
421 2505 450 2555 et
467 2500 579 2554 foedare
597 2501 624 2553 in
642 2502 754 2569 pulvere
772 2505 852 2558 crinis

139 2576 269 2630 Vibratos
287 2576 374 2630 calido
392 2577 465 2630 serre
483 2593 631 2644 murraque
649 2578 793 2634 madentis.
952 2597 992 2637 roo

140 2653 191 2706 His
209 2653 300 2719 agitur
317 2653 410 2718 furiis3
428 2657 541 2721 totoque
560 2653 683 2707 ardentis
700 2655 735 2708 ab
753 2672 800 2709 oro

138 2727 277 2781 Scintillae
295 2728 446 2794 absistunt,
464 2727 548 2782 oculis
565 2728 649 2782 micat
667 2730 775 2784 acribus
792 2732 869 2800 ignis.

138 2804 261 2871 biugitus
279 2804 365 2856 veluti
383 2821 445 2858 cum
463 2804 596 2872 prima-in
614 2805 716 2871 proelia
733 2811 829 2860 taurus

139 2879 281 2931 'Ferrificos
299 2879 353 2932 ciet
371 2884 455 2947 atque
473 2879 553 2932 irasci
570 2880 599 2932 in
616 2896 717 2935 cornua
734 2885 860 2952 temptat,

139 2953 254 3005 Arboris
273 2953 387 3006 obnixus
405 2960 509 3019 trunco,
530 2958 680 3022 ventosque
698 2958 808 3012 lacessit
953 2977 989 3017 loe

138 3025 250 3092 lctibus,
269 3032 317 3081 aut
335 3045 429 3095 sparsa
446 3029 483 3081 ad
501 3044 621 3096 pugnam
639 3033 762 3098 proludit
779 3050 868 3088 arena

170 3099 194 3148 N
198 3116 229 3150 ec
247 3102 335 3154 minus
354 3105 460 3156 interea
477 3105 607 3157 maternis
626 3122 723 3162 saevus
740 3110 770 3163 in
787 3109 871 3164 armis

138 3166 247 3222 Aeneas
264 3176 338 3227 acuit
357 3176 475 3230 Martem
494 3181 523 3229 et
543 3193 571 3228 sc
590 3181 705 3234 suscitat
723 3185 772 3250 ira,
