2152 3506
112 101 157 148 loe
339 95 367 143 Ρ.
388 96 539 144 VERGILI
558 95 724 143 ulARONis

110 176 239 245 Quisquis
257 193 294 262 es,
312 175 424 228 amissos
441 175 529 228 hinc
521 191 575 228 ram
593 173 753 230 obliviscere
772 176 890 240 Graios;

109 251 212 304 Noster
230 251 291 320 eris,
308 251 430 319 mihique
447 246 514 304 haec
532 251 653 304 edissere
671 269 735 305 vera
753 255 877 320 roganti:

110 326 169 390 Quo
181 327 280 384 molem
292 327 380 380 hane'
373 328 489 380 mmauis
498 343 561 394 equi
555 329 712 382 'statueret
724 330 785 398 quis
795 331 918 383 auctori
936 343 971 391 ise

109 402 216 468 Quidve
227 407 276 472 pet
264 403 343 457 tuntl
356 418 460 471 quaer
455 403 548 470 eligio?
566 407 614 457 :tau
627 420 696 471 quae
708 405 833 458 maehina
847 405 938 458 belli?

109 479 231 534 Dixerat.
269 479 328 545 Ille,
347 478 440 532 dolis'
434 495 476 530 rus
477 482 584 532 tructus
602 481 631 533 et
648 485 708 534 arte
728 481 852 548 Pelasga,

109 555 226 610 Sustulit
244 560 341 608 exutas
360 555 454 607 vinclis
472 554 508 608 ad
526 555 617 608 sidera
634 557 749 623 palmas:

73 640 90 686 r<
109 631 174 698 Vos,
192 632 297 686 aeterni
316 632 401 699 ignes,
419 635 448 685 et
466 648 519 683 non
538 631 663 686 violabile
681 638 801 686 vestrum

109 708 206 762 'Foster
224 724 331 772 numen,
348 708 394 773 ait,
414 724 461 761 vos
479 724 543 761 arae
561 724 695 777 ensesque
713 710 833 770 nefandi,
935 725 970 760 ras

109 786 183 849 (lires
201 785 267 852 iugi,
286 777 427 853 ¹vittaeque
445 784 535 850 (lenm,
555 802 624 853 quas
641 785 732 840 hostia
748 787 833 854 gessi:

111 862 164 914 Fas
181 861 247 913 milri
267 861 410 914 Graiorum
429 871 536 913 saerata
553 861 690 914 resolvere
708 863 774 929 iura,

110 937 163 990 Fas
182 937 271 990 odisse
290 937 369 1003 viroS,
387 941 470 1002 atque
489 937 580 989 omnia
597 937 669 990 ferre
687 937 738 991 snb
755 955 842 1000 auras

109 1015 137 1067 Si
156 1031 210 1082 qua
228 1018 339 1081 tegunt;
366 1017 462 1066 teneor
479 1013 585 1080 patriae
603 1031 653 1066 nec
670 1015 775 1082 legibus
793 1015 864 1066 ullis.

109 1090 149 1163 Tu
166 1090 248 1144 modo
266 1090 406 1159 promissis
424 1105 541 1156 maneas,
559 1095 722 1159 servataque
740 1107 830 1144 serves
932 1106 969 1144 ren

110 1167 189 1220 Troia
206 1166 297 1231 fidem,
316 1166 338 1218 si
356 1182 421 1218 vera
438 1165 533 1232 feram,
550 1167 573 1219 si
591 1183 689 1234 magna
707 1167 862 1235 rependam.
889 1172 918 1218 ι*

144 1243 238 1296 Omnis
256 1260 317 1311 spes
337 1242 462 1296 Danaum
482 1244 511 1294 et
529 1242 619 1310 coepti
637 1243 738 1296 fidncia
755 1242 831 1305 belli¹

110 1318 229 1373 Palladis
248 1319 355 1372 auxiliis
374 1334 482 1386 semper
501 1320 585 1371 stetit.
626 1319 731 1388 impius
749 1337 782 1372 ox
800 1336 857 1386 quo

110 1393 226 1464 Tydides
244 1396 292 1450 sed
311 1396 383 1448 enim
402 1395 594 1463 scelerumque.
606 1395 732 1448 inventor
751 1395 852 1462 Ulixes,

111 1473 205 1534 Fatale
224 1473 346 1538 adgressi
365 1474 471 1525 sacrato
490 1470 608 1524 avellere
625 1471 729 1540 templo
930 1486 968 1524 ree

111 1548 269 1615 Palladium,
289 1549 374 1601 caesis
392 1563 514 1600 summas
532 1547 692 1600 custodibus
710 1547 787 1614 arcis,

111 1624 272 1692 Corripuere
291 1641 394 1677 sacram
413 1623 538 1691 effigiem,
556 1623 735 1691 manibusque
753 1622 875 1677 eruentis

111 1699 255 1767 Virgineus
273 1701 331 1753 ausi
350 1700 430 1753 divae
448 1700 608 1767 contingere
626 1700 718 1766 vittas,

112 1777 152 1828 Ex
171 1777 217 1828 illo
235 1777 319 1830 fluere
338 1793 369 1829 ae
387 1782 462 1829 retro
480 1775 607 1844 sublapsa
624 1776 720 1829 referri

111 1853 179 1920 Spes
198 1853 329 1920 Danaum,
347 1853 450 1906 fractae
469 1851 546 1918 vires,
565 1869 661 1905 aversa
679 1851 747 1906 deae
764 1867 850 1904 mens
931 1867 969 1906 170

112 1929 170 1982 Nee
188 1929 278 1981 dubiis
296 1946 328 1982 ea
347 1929 424 1995 signa
443 1927 521 1982 dedit
540 1929 661 1980 Tritonia
678 1928 814 1981 monstris.

112 2005 165 2057 Vix
183 2005 303 2074 positum
321 2005 417 2058 eastris
436 2004 623 2058 simulacrum:
643 2021 735 2057 arsere
753 2020 881 2058 coruscae

113 2081 273 2134 huminibus
293 2081 418 2134 flammae
436 2081 557 2148 arrectis,
577 2081 718 2148 salsusque
736 2097 786 2148 per
804 2087 881 2134 artus

113 2158 201 2210 Sudor
218 2159 258 2225 iit,
277 2162 375 2226 terque
394 2157 454 2224 ipsa
473 2157 689 2210 solo-mirabile
707 2155 818 2210 diclu—

113 2234 237 2300 Emieuit,
250 2251 426 2302 parmamque
441 2251 530 2292 ,erens
541 2235 703 2301 hastamque
717 2237 887 2287 trementem.
931 2247 968 2286 175

113 2310 257 2376 Extemplo
275 2311 437 2377 temptanda
455 2312 519 2378 fuga
537 2311 610 2364 canit
629 2327 749 2380 aequora
768 2309 888 2375 Calchas,

113 2385 138 2436 N
141 2403 171 2439 ec
188 2403 267 2454 posse
288 2387 422 2453 Argolicis
442 2387 563 2440 exscindi
584 2387 718 2456 Pergama
735 2387 806 2454 telis,

113 2461 210 2514 Omina
226 2464 253 2514 ιιι
273 2467 399 2529 repetant
419 2465 510 2530 Argia,
530 2481 684 2532 numenque
703 2463 843 2530 reducant,

114 2538 193 2603 Quod
211 2539 307 2607 pelago
326 2543 355 2592 et
374 2540 463 2593 curvis
482 2557 573 2594 secum
591 2557 708 2593 avexere
726 2540 832 2592 carinis.

113 2615 150 2668 nt
168 2632 245 2679 nuno,
264 2617 337 2683 quod
355 2617 459 2684 patrias
478 2621 559 2671 vento
576 2617 683 2686 petiere
701 2618 835 2686 Mycenas,
930 2630 969 2668 rso

115 2695 202 2745 Arina
220 2691 339 2758 deosque
358 2696 457 2760 parant
476 2693 559 2747 comit
560 2711 597 2760 es,
616 2693 768 2781 pelagoque
787 2707 912 2746 remenso

115 2767 249 2837 Inprovisi
268 2768 393 2822 aderunt.
431 2769 476 2823 lta
495 2770 597 2838 digerit
615 2771 705 2822 omina
724 2769 843 2823 Calchas

115 2845 211 2897 Hanc
208 2861 262 2912 pro
281 2844 404 2897 Palladio
421 2847 525 2912 moniti,
543 2863 592 2914 pro
611 2846 723 2900 numine
740 2847 813 2899 laeso

115 2920 239 2986 Effigiem
258 2922 387 2986 statuere,
406 2921 480 2972 nefas
499 2938 569 2986 quae
587 2922 668 2974 triste
686 2922 782 2988 piaret.

116 2993 196 3046 Hanc
212 2997 304 3047 tamen
322 2995 472 3047 inmensam
491 2995 603 3048 Calchas
621 2997 750 3049 attollere
765 2995 864 3048 molem
931 3010 969 3050 rae

118 3067 271 3120 Roboribus
288 3066 374 3124 tentis
392 3069 521 3135 caeloque
539 3070 657 3123 educere
674 3072 760 3137 iussit,

118 3140 161 3193 Ne
179 3141 262 3209 recipi
280 3144 374 3210 portis,
393 3147 441 3197 aut
459 3142 521 3196 duci
539 3144 567 3197 in
586 3147 693 3200 moenia
710 3148 807 3216 possit,
