2152 3506
290 405 318 453 r.
337 401 492 450 vnaernr
511 400 676 448 MARONIS

254 567 294 637 A
320 563 353 633 E
381 561 419 632 Ν
449 559 482 630 Ε
510 559 531 629 Ι
560 558 596 630 D
624 559 656 631 O
685 558 713 630 S

323 745 439 799 LIBER
466 744 651 808 QUARTUS.

443 905 543 933 ..Q--

64 1037 108 1086 Ar
129 1035 223 1098 regina
241 1033 317 1099 gravi
335 1034 494 1088 iamdudum
514 1035 604 1087 saucia
621 1049 685 1086 cura

64 1109 166 1160 l'olnus
185 1107 233 1158 alit
251 1109 330 1172 venis,
350 1113 379 1162 et
397 1128 476 1163 caeco
495 1111 616 1179 carpitur
634 1107 696 1174 igni.

63 1185 150 1238 Multa
168 1183 219 1235 riri
237 1183 324 1236 virtus
343 1187 439 1254 anime,
459 1188 617 1254 multusque
635 1185 757 1236 recursat

62 1262 157 1314 Gentis
175 1259 274 1325 hon0s;
291 1260 405 1315 haerent
423 1264 500 1316 infixi
518 1266 629 1332 pectore
647 1260 736 1311 voltus

62 1334 216 1406 Verbaque,
230 1354 280 1391 nec
291 1338 425 1406 placidam
440 1339 572 1393 membris
586 1338 635 1390 dat
645 1353 709 1388 cura
722 1336 849 1402 quietern.
904 1348 917 1385 a

62 1412 175 1466 Postera
194 1413 321 1467 Phoebea
339 1414 476 1469 lustrabat
495 1414 622 1482 lampade
641 1417 729 1465 terras

62 1488 284 1558 llumcntemquo
305 1492 412 1545 Aurora
430 1492 492 1561 polo
512 1492 665 1544 dimoverat
683 1487 814 1551 umbram,

61 1565 129 1618 Cum
148 1565 185 1617 sic
205 1566 359 1619 unanimam
378 1569 536 1636 adloquitur
555 1568 626 1620 male
647 1581 711 1618 sana
730 1579 862 1616 sororem:

24 1685 25 1690 ,
61 1643 141 1694 Anna
160 1658 243 1709 soror,
262 1659 332 1709 quae
352 1661 394 1696 me
414 1661 572 1714 suspensam
590 1641 722 1696 insomnia
739 1642 860 1692 terrent!

61 1719 125 1782 Quis
143 1735 227 1771 novus
245 1717 289 1771 hic
307 1721 408 1773 nostris
428 1722 558 1775 successit
578 1719 690 1774 sedibus
708 1717 815 1786 hospes,
892 1728 917 1766 ιο

61 1795 147 1858 Quem
166 1811 225 1847 sese
243 1812 290 1848 oro
308 1796 406 1866 ferens,
425 1815 507 1867 quam
527 1797 592 1852 forti
611 1799 722 1866 pectore
740 1799 769 1848 et
786 1791 884 1846 armis.¹

61 1870 149 1923 Credo
169 1870 305 1940 equidem,
323 1889 373 1925 nee
392 1891 460 1927 vana
478 1874 554 1940 fides,
573 1889 658 1941 genus
676 1889 737 1926 esse
756 1871 877 1923 deorum.

61 1946 216 2014 Degeneres
235 1948 337 2002 animos
355 1950 437 2002 timor
456 1951 553 2018 arguit.
594 1950 665 2016 Heu,
685 1948 783 2017 quibus
800 1946 866 2003 ille.

61 2023 183 2076 Iactatus
201 2024 277 2078 fatis!
299 2042 369 2094 quac
387 2025 459 2079 bella
478 2026 611 2080 exhausta
629 2025 757 2078 canebat!
772 2031 776 2037 '

61 2099 88 2152 si
107 2099 171 2152 mihi
189 2117 241 2152 non
261 2101 350 2153 animo
368 2103 452 2155 fixum
471 2103 660 2170 inmotumque
680 2100 800 2162 sederet,
894 2112 918 2151 15

61 2176 85 2227 N
88 2194 103 2229 e
121 2177 163 2229 cui
183 2193 226 2229 me
245 2177 330 2229 vinclo
349 2179 446 2232 vellem
467 2179 569 2232 sociare
587 2179 678 2246 iugali,

63 2253 209 2320 Postquam
228 2254 333 2321 primns
352 2271 427 2307 amor
446 2255 589 2324 deceptam
610 2259 698 2308 nrortc
717 2252 829 2318 fefellit3

61 2330 160 2382 Sinon
178 2334 334 2396 pertaesum
354 2331 467 2384 thalami
486 2332 640 2400 taedaeque
657 2333 761 2400 fuisset,

63 2406 133 2458 lluic
152 2406 196 2457 uni
217 2406 307 2457 forsan
326 2408 403 2473 potui
423 2408 599 2461 succumbere
619 2409 725 2476 cnlpae.

63 2485 150 2548 Anna,
170 2481 277 2534 fatebor
297 2484 377 2550 enim,
396 2485 488 2537 miseri
506 2488 569 2553 post
587 2486 644 2537 fata
662 2484 774 2553 Sychaei
818 2483 820 2488 ’
897 2493 920 2532 20

62 2559 188 2626 Coniugis
207 2563 235 2612 et
254 2576 362 2629 sparsos
380 2560 502 2613 fraterna
521 2561 605 2614 caede
625 2561 744 2624 Penatis

62 2635 140 2688 Solus
158 2635 202 2687 hio
220 2636 326 2690 inflexit
346 2653 448 2704 sensus,
468 2638 645 2705 animumque
664 2637 801 2690 labantem

62 2711 173 2781 Inpulit.
209 2713 355 2780 Adgnosco
374 2715 475 2768 veteris
493 2715 607 2782 vestigia
624 2714 756 2766 flammae.

63 2788 117 2841 Sed
135 2789 201 2841 mihi
221 2790 262 2842 vel
282 2791 363 2843 tellus
383 2795 475 2858 optem
493 2792 569 2859 prius
587 2791 641 2843 ima
660 2790 789 2853 dehiscat,

62 2864 115 2917 Vel
129 2865 212 2918 Pater
226 2866 395 2934 omnipotens
408 2868 502 2934 adigat
514 2885 559 2922 me
576 2867 688 2919 fulmine
701 2865 736 2918 ad
748 2862 865 2925 umbras,
895 2873 919 2913 25

63 2940 193 2994 Pallantis
212 2941 323 2994 umbras
344 2943 426 2994 Erebi
445 2946 609 3011 noctemque
627 2942 798 3011 profundam,

64 3017 146 3080 Ante,
167 3016 265 3083 Pudor,
285 3034 366 3085 qnam
385 3018 508 3082 teriolo,
528 3021 576 3070 aut
594 3021 642 3071 tua
660 3019 720 3070 iura
737 3016 848 3070 resolvo.
878 3064 881 3080 ,

64 3088 115 3142 Ille
133 3107 214 3155 meos,
233 3094 336 3160 primus
356 3094 400 3160 qni
419 3110 463 3144 mc
482 3092 533 3145 sibi
551 3093 648 3161 iunxit,
666 3111 772 3147 amores
870 3094 877 3153 l

52 3162 207 3228 ¹Abstulit:
224 3167 269 3219 illa
288 3168 388 3220 habeat
407 3183 497 3220 sccnm
517 3174 662 3236 servetque
682 3169 832 3238 sepulchro.
861 3162 870 3244 ,''
