2174 3502
307 120 309 126 ’
393 128 574 176 AENEIDOS
596 128 666 178 LIB.
691 127 741 178 VI.
939 134 985 182 185

126 215 200 268 Tum
222 211 333 266 Phoebo
350 211 380 264 et
397 207 505 262 Triviae
523 206 610 262 solido
628 207 665 262 de
682 224 822 264 marmore
840 211 976 280 templum

126 291 289 351 Instituunt,
308 287 449 354 festosque
467 284 526 338 dies
541 284 577 336 de
595 284 705 338 nomine
724 285 836 340 Phoebi.
962 301 988 342 ru

126 367 168 420 Te
187 380 299 434 quoquo
317 378 418 430 magna
435 364 546 414 manent
564 361 657 428 regnis
674 362 827 431 penetralia
844 364 950 418 nostrin

127 443 186 496 Hic
203 456 255 509 ego
273 455 390 507 namque
408 441 470 491 tuas
487 440 576 492 sortes
593 454 746 506 mannaque
763 439 828 502 fata,

127 518 215 572 Dicta
232 533 310 570 meae
327 513 412 582 genti,
431 529 537 582 ponam,
557 513 697 582 lectosque
715 514 834 582 sacrabo,
938 527 950 546 ·

129 595 223 661 Alma,
240 593 321 646 viros.
357 589 443 643 Foliis
460 593 568 643 tantum
585 607 621 644 ne
638 592 759 644 carmina
775 591 883 660 manda,

127 671 173 727 Ne
191 669 306 723 turbata
323 666 416 722 volent
434 665 537 734 rapidis
555 666 675 720 ludibria
692 668 795 732 ventis;
963 683 987 725 π

132 748 199 815 ipsa
215 761 297 799 canas
315 761 370 798 oro.
409 743 505 798 Finem
524 743 603 796 dedit
622 760 669 798 ore
687 743 824 813 loquendi.

165 824 215 890 At,
235 819 339 875 Phoebi
356 819 477 875 nondum
495 819 611 888 patiens,
629 820 744 874 inmimis
762 821 791 874 in
807 824 887 876 antro

130 899 288 960 Bacchatur
304 901 390 964 vates,
409 913 538 964 magnum
557 896 580 950 si
598 900 710 966 pectore
727 897 814 966 possit

130 975 292 1034 Excussisse
309 975 407 1040 deum;
428 977 505 1027 tanto
523 973 610 1042 magis
627 973 674 1027 illo
691 975 788 1042 fatigat

129 1053 170 1105 Os
183 1051 318 1118 rabidum,
329 1050 389 1104 fora
400 1049 485 1104 eorda
497 1049 618 1116 domans,
631 1050 766 1119 fingitque
777 1053 935 1120 premendo.
959 1064 985 1103 so

130 1128 211 1182 Ostia
228 1128 338 1196 iamque
357 1127 454 1180 domus
471 1131 587 1196 patuere
605 1126 733 1194 ingentia
744 1131 853 1181 contum

129 1205 236 1274 Sponte
253 1221 309 1272 sua,
328 1203 452 1272 vatisque
470 1205 563 1257 ferimt
581 1219 709 1269 responsa
727 1219 777 1270 per
794 1219 886 1256 auras:

129 1282 154 1334 Ο
174 1280 287 1335 tandem
304 1281 411 1348 magnis
428 1280 520 1349 pelagi
538 1279 667 1332 defuncto
685 1279 806 1347 periclis!

128 1357 188 1412 Sed
206 1361 298 1411 terrae
315 1356 440 1424 graviora
458 1361 577 1410 manent.
616 1356 649 1410 In
668 1371 753 1423 regna
771 1355 865 1407 Larini

129 1433 308 1488 Dardanidae
320 1433 445 1498 venient;
464 1433 545 1486 mitto
557 1433 627 1486 hanc
640 1432 675 1484 dc
688 1435 799 1499 pectore
812 1446 920 1494 curam5
961 1443 985 1483 ns

128 1511 188 1564 Sed
206 1512 260 1563 non
278 1512 308 1562 ct
326 1509 432 1563 venisse
449 1508 548 1563 volent.
586 1508 671 1575 Bella,
689 1507 802 1560 horrida
819 1505 896 1570 bella

131 1589 169 1640 lit
188 1585 319 1652 Thybrim
337 1585 424 1639 multo
442 1588 615 1655 spumantem
634 1584 765 1652 sangnine
782 1600 869 1638 cerno.

130 1664 194 1716 Non
213 1663 312 1716 Simois
329 1662 389 1731 tibi,
408 1679 458 1716 noc
477 1662 611 1729 Xanthus,
631 1678 682 1716 nee
701 1661 801 1714 Dorica
818 1664 907 1714 matra

130 1739 293 1804 Deiuerint;
312 1739 381 1792 alius
399 1739 479 1794 Latio
497 1740 552 1792 iam
569 1741 665 1807 partus
685 1738 814 1805 Achilles,

131 1815 222 1870 Natus
240 1819 270 1869 et
286 1815 346 1884 ipso
364 1815 431 1879 dea;
449 1831 499 1870 nec
518 1815 628 1870 Teucris
646 1815 742 1868 addita
760 1815 829 1867 iuno
961 1829 984 1869 oo

131 1891 257 1961 Usquam
275 1891 379 1958 aberit;
400 1909 461 1946 oum
479 1896 512 1947 tu
530 1892 644 1961 supplex
662 1891 691 1944 in
708 1890 791 1944 rebus
810 1890 903 1958 egenis

129 1969 207 2034 Quas
223 1968 314 2036 gentis
333 1968 434 2022 Italum
453 1971 502 2022 aut
520 1985 588 2036 quas
605 1985 660 2022 non
677 1968 797 2022 oraveris
814 1966 909 2022 urbes!

129 2044 236 2098 Caussa
253 2045 316 2097 mali
334 2046 405 2098 tanti
424 2045 541 2098 coniunx
558 2044 660 2098 iterum
677 2042 786 2110 hospita
804 2042 915 2096 Teucris

130 2120 303 2188 Externiquo
321 2121 423 2174 iterum
441 2121 563 2176 thalami.

129 2197 172 2249 'lu
190 2213 225 2249 ne
244 2196 311 2250 cede
328 2197 414 2264 malie,
436 2197 485 2251 sed
503 2201 599 2252 contra
616 2196 763 2251 audentior
779 2197 827 2263 ito,
960 2212 985 2251 ao

130 2271 220 2336 Quam
238 2275 333 2326 tuate
353 2274 476 2327 Fortuna
494 2275 572 2328 sinet.
609 2273 663 2326 Via
679 2273 768 2342 prima
785 2273 888 2340 salutis,

130 2347 213 2413 Quod
230 2347 341 2402 minime
359 2350 435 2416 roris,
456 2350 539 2404 Graia
557 2349 695 2418 pandetur
713 2349 748 2403 ab
765 2348 840 2402 urbe.

166 2423 278 2477 Talibus
296 2441 330 2478 en
349 2425 432 2494 adyto
450 2426 532 2480 dictis
551 2427 669 2493 Cymaea
686 2425 788 2494 Sibylla

133 2499 295 2554 Horrendus
312 2501 386 2556 canit
404 2501 534 2570 ambages
552 2505 687 2570 antroque
706 2501 832 2570 remugit,

130 2575 263 2630 Obsciuis
282 2593 347 2630 vera
363 2578 516 2632 involvens:
538 2595 571 2632 ea
588 2579 666 2632 frena
683 2577 790 2632 furenti
950 2591 986 2629 roo

130 2652 267 2718 (tonantia
285 2658 315 2706 et
331 2654 457 2708 stimulos
474 2654 526 2708 sub
543 2658 655 2723 pectore
673 2655 758 2708 vertit
777 2653 883 2722 Apollo.

131 2729 172 2781 Ut
189 2728 308 2796 primum
325 2731 408 2784 cessit
425 2731 501 2784 furor
519 2734 547 2785 et
564 2729 662 2784 rabida
679 2747 727 2784 ora
743 2731 880 2798 quierunt,

133 2804 235 2872 Incipit
254 2806 363 2858 Aeneas
381 2805 475 2861 heros:
496 2807 558 2860 Non
577 2807 632 2860 ulla
650 2807 782 2873 laborum,

131 2881 156 2932 O
175 2880 259 2947 virgo,
277 2897 346 2934 nova
363 2882 401 2934 nri
419 2883 503 2937 facies
519 2883 664 2952 inopinave
682 2883 783 2950 surgit;

83 2973 89 2982 ·
129 2955 231 3008 Omnia
248 2958 375 3026 praecepi
393 2961 477 3027 atque
495 2959 586 3012 animo
603 2975 710 3014 mecum
729 2962 792 3012 ante
810 2955 910 3024 peregi
948 2969 985 3011 lot

133 3031 225 3086 Unum
242 3049 303 3087 oro:
324 3034 434 3102 quando
451 3035 496 3088 hic
513 3035 612 3088 inferni
629 3037 710 3089 ianua
727 3033 801 3100 regis
874 3059 879 3070 ·

131 3108 242 3162 Dicitur
260 3113 289 3162 ot
306 3110 453 3164 tenebrosa
469 3112 548 3179 palus
567 3111 724 3164 Aclreronte
742 3109 841 3172 refuso,

133 3183 180 3238 Ire
197 3184 235 3238 ad
252 3189 428 3254 conspectum
446 3187 502 3240 caii
519 3185 652 3252 genitoris
669 3187 699 3236 et
716 3197 764 3234 ora
