2154 3518
338 183 543 233 GEORGIGON
560 178 703 232 LIBjm.
917 185 948 230 55

96 268 134 324 ut
151 267 228 338 proni
247 266 316 319 dant
333 264 405 328 lora;
424 265 498 318 velat
515 265 542 317 vi
559 265 680 318 fervidus
698 265 771 329 axis;
913 320 917 326 ,

97 345 211 412 lamque
229 342 352 408 humiles,
369 342 478 409 iamque
496 341 561 394 elati
580 341 695 394 sublime
714 340 840 394 videntur

97 425 172 474 Aera
189 436 239 487 per
257 434 370 471 vacuum
388 418 461 485 ferri,
479 421 562 486 atque
580 417 729 486 adsurgere
748 419 775 470 in
794 434 888 483 auras3

95 497 122 550 N
124 513 155 550 ec
172 511 256 562 mora,
273 511 323 547 nec
341 495 463 562 requies;
481 498 511 547 at
528 495 618 547 fulvae
635 494 743 547 nimbus
761 510 860 547 arenae
914 499 950 546 111

95 573 225 637 'follitum
243 572 406 625 humescunt
426 572 528 639 spumis
546 571 669 639 flatuque
687 575 864 641 sequentum:

96 651 199 704 Tantus
217 649 429 715 emoriendum,
448 652 542 701 tantae
560 652 602 701 est
620 649 734 702 victoria
751 664 838 702 curae.

96 727 205 780 Primus
224 725 417 778 Erichthonius
437 742 532 778 currus
551 730 580 779 et
598 728 731 795 ‹prattuor
749 742 829 778 ausus
942 789 944 792 Ι

96 803 216 870 Iungere
234 819 325 871 equos,
344 803 511 871 rapidusque
528 803 596 855 rotis
614 803 740 856 insistere
758 802 851 855 victer.

97 879 187 933 Frena
206 878 373 932 Pelethronii
393 879 526 947 Lapithae
544 896 679 948 gyrosque
698 879 800 932 dedere
916 893 950 930 us

97 953 212 1023 Inpositi
231 955 320 1022 dorse,
339 958 424 1024 atque
444 957 565 1024 equitem
584 956 701 1009 docuere
719 955 770 1009 sub
788 957 870 1008 armis

97 1029 235 1085 Insultare
253 1032 317 1099 solo,
338 1036 366 1086 et
383 1049 494 1100 gressus
513 1033 664 1100 glomerare
682 1032 821 1101 superbos.

97 1109 212 1176 Aequus
230 1112 347 1176 uterque
366 1109 458 1174 lsbor;
476 1126 563 1177 aeque
582 1109 762 1177 iuvenemque
781 1106 904 1176 magistri

97 1183 253 1253 Exquirunt
273 1185 446 1253 calidumque
466 1187 562 1238 animis
580 1190 608 1239 et
626 1184 750 1239 cursibus
768 1201 866 1251 acrem,

98 1260 226 1324 Quamvis
244 1277 326 1328 saepe
344 1261 409 1328 luga
427 1279 520 1316 versos
538 1263 584 1315 ille
603 1264 691 1329 egerit
708 1262 801 1326 hostis,
917 1273 953 1313 rso

97 1336 133 1390 ut
151 1338 267 1403 patriam
287 1337 400 1404 llpimm
418 1339 530 1403 referat,
549 1339 683 1407 sertisque
701 1337 837 1404 Mycenas,

97 1412 275 1481 Neptunique
292 1414 351 1482 ipsa
370 1415 490 1468 deducat
508 1415 612 1481 origine
629 1417 748 1482 gentem.

133 1489 186 1542 His
204 1489 399 1543 animadversis
419 1492 522 1544 instant
540 1491 591 1544 sub
609 1495 725 1560 tempus,
744 1494 773 1544 et
791 1490 877 1543 omnis

74 1565 258 1634 ‘Inpendunt
277 1581 355 1619 curas
375 1567 460 1620 dense
480 1567 638 1621 distendere
656 1568 757 1636 pingui,

99 1642 185 1707 Quem
202 1643 295 1711 legere
315 1643 412 1697 ducein
431 1647 460 1697 et
477 1645 568 1713 pecori
587 1644 682 1698 dixere
701 1645 843 1702 maritum;
918 1656 953 1694 ue
1048 1707 1050 1714 Α

98 1718 288 1786 Florentisque
308 1723 401 1773 secant
420 1720 527 1788 herbas,
545 1721 694 1790 fluviosque
711 1720 867 1773 ministrant

99 1794 245 1863 Famaque,
266 1812 301 1848 ne
318 1796 419 1850 blande
439 1801 559 1866 nequeat
578 1814 720 1866 superesse
739 1796 832 1861 labori,

99 1870 273 1941 invalidique
292 1877 401 1942 patrum
420 1875 540 1927 referant
558 1874 657 1927 ieiunia
674 1874 738 1926 nati.

100 1947 164 2015 Ipsa
183 1953 275 2002 autem
294 1950 379 2002 macie
399 1953 513 2003 tenuant
532 1956 656 2002 armenta
674 1948 803 2015 solentes,

100 2026 201 2092 Atque,
220 2025 267 2078 ubi
287 2026 444 2079 concubitus
462 2027 565 2095 primos
583 2027 636 2078 iam
654 2029 720 2078 nota
737 2025 861 2091 voluptas
920 2037 954 2076 lac

99 2099 240 2168 Sollicitat,
260 2103 425 2171 frondesque
444 2105 547 2169 negant
565 2105 593 2154 et
611 2101 730 2155 lontibus
749 2105 848 2154 arcent.

100 2177 186 2244 Saepe
205 2178 288 2230 etiarn
309 2194 390 2230 cursu
410 2179 537 2246 quatiunt
557 2183 585 2232 ot
605 2179 660 2232 sole
677 2177 802 2246 fatigant,

100 2251 169 2306 Cum
187 2254 309 2321 graviter
326 2255 414 2307 tunsis
431 2255 518 2322 gemit
537 2272 601 2308 area
619 2255 749 2324 frugibus
767 2258 874 2308 etcum

100 2328 264 2396 Surgentem
283 2330 319 2382 ad
339 2331 491 2400 Zephyrum
509 2332 604 2400 paleae
622 2332 757 2386 iactantur
774 2333 874 2384 inanes.

101 2405 162 2458 Hoc
180 2407 290 2472 faciunt,
311 2408 393 2461 nimio
412 2425 446 2461 ne
464 2408 529 2461 luxu
549 2409 690 2462 obtunsior
706 2425 771 2461 usus
920 2423 955 2460 1as

101 2481 143 2534 Sit
159 2483 272 2550 genitali
291 2500 356 2537 urvo
374 2488 403 2537 et
422 2485 509 2538 sulcos
528 2485 641 2539 oblimet
659 2486 762 2553 inertis,

101 2557 156 2613 Sed
174 2559 262 2627 rapiat
282 2561 376 2613 sitiens
396 2562 534 2615 Venerem
552 2562 722 2630 interiusque
739 2561 877 2614 recondat.

138 2634 242 2688 Rursus
261 2652 327 2689 cura
343 2640 453 2706 patrum
473 2638 579 2706 cadere,
598 2641 627 2691 et
645 2638 790 2692 succedere
809 2642 926 2691 matrum

103 2710 208 2779 Incipit.
245 2711 356 2765 Exactis
373 2714 503 2781 gravidm
521 2731 582 2768 cum
601 2713 740 2768 mensibus
761 2720 861 2780 errant,

102 2786 163 2840 Neu
180 2787 241 2840 illas
258 2789 387 2855 gravibus
407 2791 549 2859 quisquam
567 2792 632 2859 iuga
650 2791 750 2845 ducere
767 2791 903 2860 plaustris,
921 2803 956 2841 1so

102 2863 164 2917 Non
183 2865 255 2917 saltu
274 2877 403 2933 superare
421 2869 491 2920 viam
511 2869 547 2921 sit
564 2885 660 2936 passus
679 2871 707 2922 et
726 2870 781 2922 acri

103 2940 222 3006 Carpere
241 2945 321 3008 prata
338 2942 402 3010 fuga
420 2944 570 3013 fluviosque
590 2946 685 2998 innare
703 2945 814 3014 rapacis.

103 3015 224 3070 Saltibus
242 3017 270 3070 111
289 3018 380 3072 vacuis
397 3023 512 3087 pascunt
531 3025 559 3074 et
577 3022 657 3089 plena
677 3022 823 3075 secundum

103 3092 236 3160 Flumina,
255 3109 363 3148 muscus
381 3095 429 3147 ubi
447 3100 476 3149 et
494 3097 656 3150 viridissima
673 3098 795 3164 gramine
812 3097 880 3164 ripa,

103 3168 308 3237 speluncaeque
326 3173 428 3238 tegant,
448 3176 476 3224 et
495 3188 576 3225 saxea
593 3173 726 3241 procubet
743 3171 846 3226 umbra
922 3183 957 3224 145

103 3244 155 3298 Est
170 3243 245 3299 lucos
263 3244 341 3300 Silari
359 3247 430 3302 cirea
447 3247 606 3318 ilicibusque
624 3249 758 3302 virentem
