2172 3506
98 141 145 192 270
322 139 349 185 P.
370 135 524 184 VERGILI
541 133 707 184 MARONIS

96 219 151 275 Seu
169 220 235 276 fatis
255 217 358 272 Italum
379 220 468 271 castra
488 214 629 269 obsidione
648 209 784 280 tenentia,

95 297 158 352 Sive
178 313 270 351 errore
289 295 361 348 malo
381 294 477 347 Troiae
496 292 662 360 monitisque
682 291 807 347 sinistris.
910 306 948 344 no

96 372 121 425 N
124 390 155 428 ec
175 373 292 427 Rutulos
311 371 392 424 solvo.
429 369 484 424 Sua
501 368 601 434 cuique
620 381 718 420 exorsa
736 367 856 421 laborem

96 447 301 516 Fortunamque
319 446 415 500 ferent.
453 445 515 498 Rex
537 443 663 512 Iuppiter
684 443 808 497 omuibus
828 443 911 496 idem.

96 524 166 577 Fata
185 524 256 577 viam
275 521 421 574 invenient.
458 520 546 588 Stygii
567 535 617 588 per
636 518 748 573 flumina
763 520 864 582 fratris,

97 599 150 652 Per
168 600 227 668 pice
246 597 377 652 torrentis
398 599 512 664 utroquo
528 595 657 662 voragine
676 595 750 664 ripas

96 675 210 741 Adnuit,
228 679 257 728 et
273 678 362 727 totum
377 677 446 726 nutu
463 671 617 726 tremefecit
639 670 791 739 Olympum.
909 687 946 726 11⁵

97 752 151 805 llic
169 751 231 804 finis
247 751 329 804 fandi.
367 750 439 803 Solio
458 752 518 802 tum
533 747 667 817 -lnppiter
686 764 768 802 aureo

95 827 195 894 Surgit,
215 826 358 898 caelicolae
376 825 496 878 medinm
516 841 598 892 quem
618 823 654 878 ad
672 825 767 880 limina
785 825 898 879 ducunt.

130 902 242 956 Interea
261 901 358 954 Rutuli
374 901 461 970 portis
481 901 583 953 circum
602 901 728 954 omnibus
745 901 847 954 instant

94 977 222 1031 Stemcro
240 977 323 1030 caede
341 978 421 1042 viros,
441 981 470 1029 et
488 976 594 1030 moenia
612 976 721 1044 cingere
738 977 860 1030 flammis.

96 1057 135 1106 At
153 1052 224 1121 legio
245 1053 407 1106 Aeneadum
425 1052 503 1105 vallis
522 1051 632 1105 obsessa
650 1055 769 1120 tenetur,
909 1066 945 1106 mo

95 1129 153 1182 Nec
169 1145 231 1198 spes
250 1129 305 1181 ulla
323 1129 413 1196 fugae.
450 1127 545 1181 Miseri
564 1131 638 1181 stant
657 1127 780 1182 turribus
799 1128 864 1182 altis

95 1206 276 1274 Nequiquam,
296 1209 326 1260 et
344 1221 408 1258 rara
425 1221 518 1258 muros
536 1204 646 1258 cinxere
666 1221 779 1258 corona:

97 1282 178 1334 Asius
199 1281 367 1336 Imbrasides
387 1281 620 1348 Hicetaoniusque
640 1280 802 1349 Thymoetes

33 1386 37 1395 ·
95 1359 276 1426 Assaracique
294 1358 349 1411 duo
368 1361 397 1412 et
416 1357 507 1410 senior
524 1373 587 1409 cnm
607 1355 720 1410 Castore
739 1357 891 1426 Thymbria,

95 1433 185 1486 Prima
204 1434 292 1498 acies3
310 1435 359 1486 bos
378 1431 501 1500 germani
520 1431 684 1500 Sarpedonis
701 1433 789 1499 ambo,
907 1448 943 1487 ms

93 1509 129 1561 llt
149 1509 245 1562 Clarus
264 1513 294 1562 et
315 1509 442 1576 Themon,
456 1506 544 1575 ¹Lycia
562 1508 727 1562 comitantur
745 1508 780 1562 ab
799 1508 864 1562 alta

94 1585 160 1637 Fert
177 1585 274 1652 ingens
292 1588 351 1638 toto
370 1584 502 1638 connixus
521 1599 634 1652 corpore
655 1599 759 1651 saxum,

96 1660 176 1713 Haud
196 1664 303 1728 partem
322 1660 451 1727 exiguam
470 1660 578 1726 montis,
599 1660 745 1728 Lyrnesius
766 1662 881 1727 Acmon,

91 1735 116 1788 N
118 1752 149 1790 ec
169 1735 258 1804 Clytio
272 1736 397 1804 genitore
416 1737 511 1802 minor,
531 1753 580 1789 nec
600 1736 687 1789 fratre
708 1737 879 1790 Menestheo.

93 1812 131 1865 Hi
148 1813 249 1879 iaculis,
270 1813 310 1865 illi
330 1815 438 1866 certant
457 1812 606 1865 defendere
625 1812 704 1878 saxis,
905 1827 941 1866 rm

91 1889 238 1957 Molirique
257 1889 356 1956 ignem,
375 1904 515 1956 nervoque
532 1891 628 1956 aptare
647 1889 768 1956 sagittas.

91 1965 156 2033 Ipse
176 1964 378 2033 intermedias,
399 1964 515 2017 Veneris
533 1963 683 2017 iustissima
703 1981 775 2032 cura,

90 2040 245 2093 Dardanius
265 2044 355 2110 caput,
375 2056 445 2106 ecce,
466 2055 535 2108 puer
555 2038 682 2094 detectus
698 2039 851 2108 honestum,

69 2116 183 2180 ¹Qualis
202 2133 317 2183 gemma,
337 2117 429 2182 micat,
446 2115 550 2168 fulvum
567 2131 637 2184 quae
657 2115 757 2170 dividit
773 2132 877 2184 aurum,

89 2197 148 2246 Aut
168 2193 236 2246 collo
256 2193 339 2246 docus
358 2196 407 2246 aut
425 2191 524 2259 capiti:
547 2192 589 2244 vel
609 2192 689 2258 quale
708 2209 758 2261 per
778 2195 866 2246 artem
903 2207 939 2246 1³⁵

89 2268 228 2321 Inclusum
247 2266 321 2320 buxo
340 2271 389 2321 aut
408 2268 500 2320 Oricia
519 2266 676 2321 terebintho

89 2343 177 2397 Lucet
195 2342 264 2396 ebur
274 2364 280 2407 3
297 2343 372 2396 fusos
391 2343 482 2396 cervix
501 2344 545 2396 cui
563 2343 651 2396 lactea
669 2343 751 2397 crinis

88 2418 198 2488 Accipit
217 2421 247 2472 et
266 2418 340 2471 molli
360 2417 498 2482 subnectit
517 2418 634 2472 circulus
654 2436 748 2493 aur-oq<

88 2495 126 2549 'le
146 2511 254 2564 quoque
274 2493 461 2562 magnanimae
481 2494 617 2561 viderunt,
638 2495 750 2562 Ismaro,
769 2501 866 2564 gentes

88 2571 208 2626 Volnera
226 2564 362 2638 dirigere,
373 2571 401 2623 et
419 2569 536 2623 calamos
555 2587 661 2624 armare
683 2589 795 2640 veneno,
901 2587 937 2626 rso

88 2647 216 2701 Maeonia
234 2662 366 2714 generose
388 2646 468 2699 domo
495 2645 542 2698 ubi
558 2646 670 2713 pinguia
688 2648 762 2702 culta

86 2723 277 2790 Exercentque
296 2723 355 2786 viri,
376 2721 558 2789 Pactolusque
578 2721 679 2790 inrigat
699 2740 774 2778 auro.

88 2798 186 2852 Adfuit
206 2802 234 2852 et
255 2798 422 2859 Mnestheus
442 2815 524 2866 quem
543 2798 615 2866 pulsi
634 2799 749 2867 pristina
768 2799 853 2854 Turni

88 2875 198 2940 Aggere
218 2889 371 2926 moerorum
391 2873 535 2926 sublimem
554 2873 641 2940 gloria
660 2875 738 2944 tollit,

86 2949 122 3000 llt
142 2947 245 3016 Capys:
271 2947 334 2999 binc
353 2963 451 2999 nomen
472 2947 625 3015 Carnpanae
644 2950 754 3006 ducitur
773 2951 844 3006 urbi.
899 2967 936 3007 14⁵

120 3021 166 3073 illi
186 3023 259 3074 inter
278 3037 339 3074 seso
359 3021 420 3074 duri
441 3022 590 3075 certamina
611 3023 676 3078 belli

85 3093 279 3148 Oontulerant:
297 3097 388 3149 media
406 3098 514 3148 Aeneas
530 3097 602 3150 freta
619 3104 699 3153 nocte
718 3102 840 3162 secabat,

85 3163 220 3234 Namque,
239 3174 272 3220 ut
291 3170 326 3222 ab
346 3171 474 3223 Euandro
493 3171 590 3224 castris
610 3174 750 3242 ingressus
773 3179 906 3248 Etruscis,
