2174 3502
115 153 162 200 aa
340 147 370 197 P.
384 146 535 195 venerer
552 143 717 192 maeonis
802 199 807 210 Ι

116 229 245 284 Protinus
263 229 362 281 armati
380 227 525 291 incedunt3
547 242 617 296 quos
634 224 721 278 omnis
738 225 831 279 euntis

117 307 269 359 l'rimerum
288 321 384 358 manus
402 305 438 358 ad
455 308 557 372 portas,
575 303 759 370 iuvenumque
779 315 942 368 senumque,

115 382 294 450 Prosequitur
312 381 389 434 vetis.
424 381 449 434 N
452 397 482 433 ec
500 397 554 433 nen
572 383 601 433 et
617 378 730 448 pulcher
748 377 835 442 Iulus,
929 392 966 429 ere

115 462 190 512 Ante
209 475 294 512 annes
312 458 484 526 animumque
503 473 602 524 gerens
620 471 768 523 curamque
785 453 901 520 virilem,

115 535 204 590 Multa
221 535 294 604 petri
311 534 441 587 rnandeta
458 532 544 586 dabat
560 532 702 601 portanda
739 529 794 584 sed
812 547 897 583 aurae

115 613 213 666 Omnia
231 613 397 678 discerpunt,
415 613 445 663 et
462 609 579 663 nubibus
596 609 680 662 inrita
697 607 807 660 donant.

150 689 260 756 Egressi
279 690 409 755 superant
426 686 520 752 fossas,
536 685 678 752 noctisque
696 699 746 751 per
763 681 890 735 umbram

114 765 212 818 Castra
229 765 337 818 inimica
354 765 462 832 petunt,
480 762 575 815 multis
591 765 684 814 tamen
702 762 766 812 ante
783 759 868 811 futuri
930 772 966 810 ers

115 841 212 894 linitio
249 841 353 892 Passim
372 855 465 891 somne
483 837 600 904 vinoque
618 853 667 904 per
684 834 796 888 herbam

114 917 235 984 Corpora
251 917 312 969 fusa
329 916 432 980 vident,
451 917 571 966 arrectos
588 913 669 965 litore
687 927 789 977 enrrus,

115 992 192 1044 Inter
209 991 267 1044 lora
284 996 415 1058 rotasque
433 991 512 1055 viros,
531 989 610 1041 simul
629 1004 706 1041 arma
722 987 818 1049 iaoere,

114 1068 186 1121 Vina
204 1067 291 1120 simul.
331 1067 409 1119 Prior
429 1065 593 1134 Hyrtacides
611 1065 650 1117 sie
667 1081 715 1117 ere
731 1063 851 1116 loeutus:

114 1144 238 1212 Euryale,
256 1142 414 1196 audendum
433 1143 546 1205 dextra3
570 1157 641 1194 nune
659 1140 719 1208 ipsa
736 1143 814 1193 vocat
831 1154 885 1192 res.
926 1154 965 1192 eso

115 1220 176 1274 Hae
194 1221 249 1274 iter
267 1224 317 1274 est.
359 1219 407 1286 Tu,
425 1235 460 1271 ne
479 1235 533 1286 qua
551 1235 647 1270 rnanus
665 1234 695 1270 se
712 1215 839 1270 attollere
855 1214 937 1270 nobis

115 1299 141 1350 A
159 1300 238 1365 tergo
255 1296 350 1366 possit,
369 1295 520 1348 custodiet
538 1295 648 1348 eonsule
665 1293 768 1361 lenge;.

115 1373 192 1426 Hoee
210 1390 261 1440 ege
280 1377 357 1426 vaste
375 1371 453 1434 debe,
472 1376 500 1425 et
518 1371 574 1423 late
591 1374 621 1424 te
638 1370 725 1423 limite
744 1370 848 1422 dueam.

114 1449 158 1502 Sic
176 1453 318 1515 memoret,
331 1464 478 1515 vocemque
495 1447 612 1515 premit;
632 1446 711 1498 simul
729 1462 794 1499 ense
813 1445 963 1512 superbum

115 1526 295 1578 Rhamnetem
314 1525 483 1592 adgreditur,
502 1523 548 1592 qui
566 1523 638 1576 forte
656 1521 795 1591 tapetibus
813 1521 877 1575 altis
926 1536 963 1574 aas

115 1601 277 1654 llxstructus
295 1604 354 1654 toto
371 1599 506 1668 proflabat
524 1603 636 1668 peotore
654 1615 782 1664 somnum,

114 1677 175 1729 Rex
193 1676 274 1742 idem,
294 1681 322 1730 et
340 1676 398 1743 regi
416 1676 507 1728 'l’urne
525 1676 697 1743 gratissimus
714 1691 816 1742 augur3

91 1789 93 1794 -
114 1752 170 1806 Sed
187 1769 240 1806 non
257 1753 371 1821 augurio
388 1753 478 1820 potuit
496 1752 634 1820 depellere
651 1755 767 1819 pestem.

114 1831 174 1884 'Prie
192 1830 269 1883 iuxta
286 1829 401 1883 famulos
419 1833 523 1882 temere
541 1830 614 1882 inter
631 1829 688 1882 tela
704 1828 818 1881 iaeontis

115 1907 346 1975 Armiger-umque
357 1906 435 1959 Remi
448 1906 549 1973 premit
560 1905 736 1972 aurigamque
749 1903 800 1956 sub
811 1904 879 1972 ipsis
925 1919 962 1958 aso

114 1983 139 2035 N
142 1986 219 2036 aetus
237 1983 321 2050 equis,
339 1983 466 2049 ferroque
485 1984 559 2035 secat
576 1980 725 2049 pendentia
742 1980 825 2043 eolla;

114 2059 182 2110 'l'nm
201 2063 283 2126 eaput
301 2059 353 2126 ipsi
371 2059 461 2111 aufert
479 2058 596 2121 domino,
613 2060 795 2124 truncumque
812 2057 945 2124 relinquit

114 2136 251 2202 Sanguine
270 2136 480 2202 singultantem
503 2137 564 2186 atre
582 2132 720 2200 tepefacta
737 2149 833 2184 cruore

114 2211 198 2263 Terra
221 2211 329 2278 torique
353 2211 472 2262 madent.
508 2209 566 2262 Neo
589 2224 642 2260 nen
668 2208 867 2276 Larnpumque
891 2211 943 2262 Ln-

182 2303 312 2352 mumque

115 2363 151 2414 lit
168 2363 292 2415 iuvenem
311 2361 465 2427 Serranum,
484 2359 530 2412 illa
548 2359 595 2428 qui
612 2359 730 2427 plurime
746 2363 826 2412 noete
925 2375 961 2414 aet

114 2439 238 2504 Luserat,
255 2437 369 2503 insignis
386 2437 462 2502 faeie,
481 2436 621 2502 multoque
639 2434 745 2488 iacebat

114 2514 239 2568 Membra
257 2513 309 2565 deo
327 2513 429 2576 vietus;
452 2513 525 2578 felix,
545 2512 567 2563 si
585 2511 709 2580 protinus
727 2510 803 2564 illum

115 2594 271 2660 heqnnsset
289 2590 362 2644 nocti
380 2589 474 2642 ludum
493 2589 520 2640 in
539 2588 682 2655 lucemque
699 2587 816 2641 tulisset.

115 2669 245 2735 inpastus
264 2684 314 2719 oen
331 2667 412 2734 plena
429 2666 471 2718 leo
489 2682 539 2733 per
556 2664 637 2717 ovilia
655 2663 805 2717 turbans-

114 2742 218 2796 Suadet
236 2742 306 2795 enim
324 2759 424 2795 vesana
440 2739 721 2808 fames-manditque
738 2740 879 2810 trahitque
926 2759 962 2796 sse

114 2819 198 2872 Molle
215 2833 298 2886 pecus
317 2822 478 2886 mutumque
495 2821 586 2880 metu;
609 2817 702 2869 fremit
721 2831 768 2869 ore
786 2822 905 2873 eruente.

114 2895 139 2946 N
142 2911 173 2947 ee
191 2895 279 2945 minor
297 2894 408 2961 Euryali
425 2893 539 2957 eaedes3
563 2893 688 2945 incensus
706 2893 811 2959 etipse

115 2969 242 3032 l‘ersurit,
260 2985 291 3021 ae
308 2970 422 3022 multam
440 2971 467 3022 in
486 2969 575 3021 medio
594 2969 651 3020 sine
669 2969 777 3022 nomine
795 2968 912 3038 plebem,

114 3043 275 3110 Fadumque
306 3045 516 3114 Herbesumque
545 3044 619 3097 subit
650 3045 843 3113 Rhoetumque
868 3046 946 3103 Aba-

183 3118 296 3184 rlmque,

113 3187 241 3255 Ignaros;
260 3191 405 3262 Rhoetum,
422 3195 579 3264 vigilantem
596 3199 626 3250 et
643 3200 740 3252 euecta
757 3196 905 3264 videntem,
925 3213 964 3256 w
