2174 3502
369 146 550 196 AENEIDOS
568 147 636 196 LIB.
656 147 704 196 Vi.
914 149 959 196 195

111 231 225 286 Talibus
244 229 355 284 Aeneas
372 227 514 281 ardentem
532 231 562 280 et
579 231 657 282 torva
673 233 796 284 tuentem

111 307 232 361 Lenibat
250 304 332 358 dictis
350 303 476 371 animum,
494 303 673 372 lacrimasque
690 304 785 359 ciebat.

115 383 165 436 illa
184 382 241 436 solo
259 380 328 433 fixos
346 379 436 434 oculos
455 395 550 432 aversa
567 379 684 445 tenebat,

111 459 137 512 N
139 476 170 512 ec
188 456 276 525 magis
293 456 401 524 incepto
418 455 522 508 voltum
541 472 664 509 sermone
681 462 814 524 moretur,
925 471 961 514 eo

65 537 92 608 ſs
113 536 200 598 Quam
219 533 241 586 si
261 532 330 584 dura
347 531 415 584 silex
433 534 481 583 aut
500 534 556 584 siet
574 532 710 600 Marpesia
728 537 828 587 cautes.

112 610 234 664 Tandem
253 607 385 674 corripuit
403 623 470 674 sese,
489 611 571 675 atque
589 607 697 661 inimica
716 610 816 676 refugit

114 687 147 739 lu
164 702 261 739 nemus
279 683 465 750 umbriferum,
483 683 599 735 coniunx
618 683 665 735 ubi
683 685 814 751 pristinus
831 686 872 739 illi

114 761 273 830 Respondet
290 758 362 812 ciuis
380 763 534 827 aequatque
554 759 688 827 Sychaeus
706 777 831 814 amorem.

115 839 171 890 Nec
189 837 279 889 minus
298 835 414 902 Aeneas,
433 851 497 888 casu
515 851 658 888 concussus
675 837 774 906 iniquo,
924 852 960 893 rus

116 913 294 980 Prosequitur
311 911 454 964 lacrimans
472 911 558 978 longe,
577 916 606 964 et
623 913 769 966 miseratur
786 919 902 968 euntem.

150 989 221 1042 Inde
239 988 334 1042 datum
353 987 464 1040 molitur
482 989 541 1040 iter.
581 988 693 1056 lamque
712 1006 775 1042 arva
792 991 926 1045 tenebant

5 1107 7 1114 .
115 1065 225 1130 Ultima,
245 1080 314 1132 quae
332 1063 402 1116 bello
420 1063 486 1116 clari
505 1067 611 1116 secreta
627 1065 808 1132 frequentant.

5 1169 7 1210 3
115 1141 169 1194 Hic
186 1141 225 1192 illi
244 1139 360 1194 occurrit
379 1139 493 1208 Tydeus,
511 1139 555 1192 hie
571 1140 688 1194 inclutus
706 1143 788 1195 aruris

5 1211 6 1214 ’
118 1216 337 1283 Parthenopaeus
355 1219 384 1269 et
402 1216 516 1268 Adrasti
535 1216 660 1283 pallentis
678 1217 782 1284 imago;
924 1233 961 1273 sse

116 1294 169 1345 ilic
188 1292 304 1344 multum
323 1292 381 1344 ficti
399 1292 435 1344 ad
453 1309 565 1360 superos
584 1292 710 1360 belloque
728 1294 819 1346 caduci

5 1371 6 1382 ¹
114 1367 298 1433 Dardanidae,
316 1383 383 1435 quos
400 1368 445 1420 ille
463 1369 549 1420 omnis
567 1369 646 1434 longo
665 1368 760 1421 ordine
778 1387 891 1422 cerneus

5 1469 7 1508 ς
115 1446 262 1512 ingemuit,
281 1443 465 1510 Glaucumque
484 1444 670 1512 Medontaque
689 1444 953 1512 Thersilochumque,

5 1539 6 1594 j
114 1521 175 1574 Tris
195 1520 385 1587 Antenoridas,
405 1521 552 1587 Cererique
572 1538 676 1574 sacrum
697 1521 886 1589 Polyphoeten,

5 1605 6 1608 ’
114 1596 293 1664 Idaeumque,
312 1598 393 1649 etiam
412 1613 513 1663 currus,
533 1599 614 1649 etiarn
633 1614 709 1650 arrna
726 1601 874 1650 tenentem.
923 1612 960 1652 lea

5 1711 6 1718 η
114 1673 301 1727 Circumstant
318 1674 423 1725 animae
442 1673 539 1726 dextra
558 1673 688 1742 laevaque
706 1674 869 1740 frequentes.

5 1743 7 1810 ζ
113 1749 141 1804 N
143 1765 174 1802 ee
193 1748 292 1800 vidisse
311 1749 393 1800 semel
411 1749 477 1801 satis
496 1752 552 1813 est,
570 1749 644 1801 iuvat
662 1767 748 1818 usquc
766 1749 873 1816 morari,

5 1821 7 1898 ᾗ
113 1825 152 1878 Et
170 1825 293 1877 conferre
310 1825 433 1892 gradum,
453 1825 481 1877 'et
499 1823 625 1878 veniendi
645 1825 750 1878 discere
769 1841 882 1879 caussas.

113 1901 156 1954 At
174 1899 298 1952 Danaum
316 1915 442 1967 proceres
461 1901 746 1968 Agamemnoniaeque
765 1901 912 1968 phalanges

5 1967 7 2006 ⁵
113 1976 156 2030 Ut
173 1975 267 2028 videre
285 1975 372 2028 virum
390 1975 575 2044 fulgentiaque
593 1993 669 2030 arum
686 1993 736 2044 per
753 1977 870 2042 umbras,
924 1991 960 2030 leo

5 2045 7 2082 ²
114 2051 227 2120 Ingenti
244 2051 384 2120 trepidare
403 2055 492 2117 metu,
512 2069 575 2119 pars
593 2055 701 2104 vertere
718 2056 803 2118 terga,

5 2177 6 2186 ,
113 2129 172 2182 Ocu
191 2127 328 2196 quondam
345 2127 451 2197 petiero
469 2132 557 2191 ratcs;
575 2145 638 2196 pars
657 2128 752 2181 tollere
769 2144 862 2180 vocem

112 2205 264 2272 Exiguam:
282 2204 406 2272 inceptus
424 2205 524 2256 elamor
542 2205 691 2258 frustratur
708 2204 813 2257 hiantis.

152 2284 248 2350 Atque
265 2281 310 2333 hic
331 2281 484 2334 Priamiden
502 2281 632 2333 laniatum
650 2296 762 2348 corpore
780 2284 839 2334 toto

114 2356 290 2426 Deiphobum
307 2356 383 2410 videt
401 2360 429 2410 et
446 2358 565 2410 lacerum
584 2357 731 2409 crudeliter
750 2373 804 2423 ora,
925 2371 962 2413 es

114 2434 173 2486 Ora
190 2449 339 2501 manusque
358 2433 459 2499 ambae,
478 2434 661 2502 populataque
679 2436 803 2500 tempora
820 2434 907 2500 raptis

116 2509 246 2573 Auribus,
265 2512 294 2562 et
310 2513 420 2562 truncas
438 2510 579 2563 inhonesto
598 2509 706 2561 volnere
723 2509 802 2560 naris.

5 2615 7 2662 ἰ
115 2576 173 2636 Vix
191 2583 259 2637 adeo
278 2583 407 2652 adgnovit
424 2587 591 2652 pavitantem
610 2589 639 2638 et
657 2585 717 2637 dira
735 2585 873 2649 tegentem

116 2659 262 2728 Supplicia,
281 2664 309 2713 ct
327 2661 398 2713 notis
417 2661 560 2729 compellat
579 2659 690 2714 vocibus
707 2659 792 2712 ultro:

116 2735 261 2804 Deiphobe
273 2737 445 2804 armipotens
457 2755 543 2804 genus
556 2737 611 2790 alto
624 2753 640 2788 a
652 2735 783 2803 sanguine
796 2735 898 2801 'Teucri
925 2747 963 2787 500

116 2811 185 2876 Quis
201 2803 259 2864 tani
277 2812 395 2865 crudelis
413 2813 517 2880 optavit
535 2829 643 2865 sumere
661 2812 777 2880 poenas?

116 2888 295 2942 (initantum
313 2888 349 2941 de
366 2892 395 2941 te
413 2889 505 2942 licuit?
541 2888 609 2940 Mihi
627 2889 700 2940 fama
718 2903 843 2955 suprema

116 2963 142 3016 N
144 2966 206 3016 oete
224 2964 287 3018 tulit
304 2965 407 3018 fessum
424 2970 502 3018 vasta
519 2968 549 3018 te
567 2964 650 3017 caede
670 2963 814 3029 Pelasgum

117 3038 298 3093 Procubuisse
316 3057 398 3108 super
415 3042 541 3094 confusae
561 3041 660 3107 stragis
678 3053 810 3091 acervum.

5 3153 7 3162 1
116 3115 193 3168 Tunc
211 3120 319 3183 egomet
337 3116 471 3170 tumulum
490 3116 614 3169 Rhoeteo
631 3115 659 3166 in
677 3115 758 3166 litore
775 3112 882 3164 inanem
927 3126 963 3166 sos

117 3190 262 3310 Οουῗῢίΐυί,
282 3196 311 3247 et
328 3207 426 3260 magna
444 3191 534 3246 Manis
551 3194 596 3244 ter
614 3205 679 3241 voce
697 3188 795 3240 vocavi.

191 3270 212 3313 .6
