2172 3506
119 124 165 172 ³12
346 119 374 164 P.
396 116 547 164 VERGILI
566 115 733 162 MARONIS

118 199 204 254 Obliti
223 200 315 266 ignoto
333 215 488 265 campormn
507 197 535 249 in
553 197 664 264 pulvere
682 196 822 264 linquunt;

118 276 184 344 Opis
203 275 239 328 ad
258 274 409 328 aetlrorium
428 274 524 342 pennis
543 274 667 324 aufertur
685 272 838 340 Olympum.

152 350 245 404 Prima
262 350 339 416 fugit,
359 348 467 402 domina
486 350 592 415 amissa,
611 348 678 401 levis
697 349 739 402 ala
758 349 908 412 Camillae;

119 421 230 480 Turbati
248 427 357 494 fugiunt
377 426 480 494 Rutuli,
499 426 570 494 fugit
589 443 651 480 acer
670 426 777 494 Atinas,

118 503 288 572 Disiectique
307 503 390 556 duces
409 502 580 570 desolatique
597 502 708 570 manipli
937 516 977 556 070

117 580 188 634 Tuta
206 583 311 648 petunt,
330 587 359 632 et
377 580 454 648 equis
473 579 561 632 aversi
580 579 616 632 ad
633 579 739 632 moenia
757 579 884 632 tendunt.

118 656 143 709 N
145 673 177 709 ec
196 656 340 724 quisquam
358 657 487 709 instantis
506 655 624 708 Teucros
642 654 782 720 letumque
800 653 915 707 serentis

119 733 281 787 Sustentare
301 733 374 786 velet
392 732 462 800 telis,
481 736 530 785 aut
548 731 646 784 sistere
664 734 772 794 contra3

115 808 171 862 Sed
189 808 266 861 laxos
284 809 408 862 referunt
426 808 547 862 humeris
565 806 760 874 languentibus
779 823 866 872 arcus,

117 883 387 953 Quadrupedumquo
400 888 510 951 putrem
523 899 603 937 cursu
620 884 710 950 quatit
726 883 826 949 ungula
838 899 975 951 campum

117 959 245 1014 Volvitur
262 961 298 1014 ad
317 979 409 1014 mures
428 960 544 1028 caligine
561 959 691 1013 turbidus
707 962 768 1012 atra
936 974 977 1012 ere

117 1035 217 1104 Pulvis,
236 1041 265 1090 et
284 1054 300 1089 c
319 1037 436 1105 speculis
454 1053 599 1105 percussae
618 1038 732 1104 pectora
749 1038 851 1087 matres

116 1112 276 1167 Femineum
294 1113 440 1167 clamorem
459 1113 495 1166 ad
513 1112 581 1165 caeli
600 1111 692 1164 sidera
708 1111 815 1164 tollunt.

117 1189 170 1253 Qui
189 1207 270 1244 eursu
289 1194 381 1258 portas
400 1190 481 1258 primi
500 1190 629 1257 inrupere
647 1187 775 1257 patentis,

117 1266 177 1319 Hos
195 1267 305 1320 inimica
323 1283 405 1335 super
423 1266 510 1318 rnixto
528 1265 630 1333 premit
649 1264 757 1332 agmine
773 1263 870 1326 turba3
937 1273 978 1312 880

116 1341 174 1395 Nec
193 1343 319 1396 miseram
339 1343 474 1411 effugiunt
491 1345 616 1408 mortem,
635 1339 685 1393 scd
703 1339 796 1392 limine
814 1339 841 1391 in
860 1340 921 1408 ipso

116 1415 259 1472 Moenibus
277 1419 304 1472 iu
322 1419 420 1487 patriis
437 1421 521 1487 atque
539 1417 612 1470 inter
629 1419 691 1469 tuta
709 1415 851 1468 domorum

115 1493 222 1546 Confixi
242 1495 383 1562 exspirant
401 1494 512 1547 animas
550 1493 619 1546 Pars
637 1492 763 1545 claudere
781 1496 891 1559 portas;

116 1569 172 1622 Nee
191 1570 270 1622 sociis
289 1570 396 1638 aperire
415 1570 494 1637 viam,
512 1585 562 1623 nec
580 1567 723 1622 moenibus
742 1567 844 1620 audent

115 1645 247 1713 Accipere
266 1646 382 1709 orantis3
402 1644 545 1714 oriturque
563 1644 715 1698 miserrima
732 1645 831 1697 caedes
936 1661 975 1698 sss

115 1719 316 1774 Defendentum
335 1722 418 1775 armis
437 1721 537 1789 aditus,
556 1721 640 1790 inque
660 1737 735 1774 arma
753 1725 888 1774 ruentum.

115 1797 223 1851 Exclusi
241 1803 305 1851 ante
325 1799 415 1852 oculos
434 1798 680 1866 lacrimantemque
697 1813 745 1850 ora
762 1800 908 1864 parentum

65 1875 66 1879 ’
115 1873 182 1927 Pars
201 1873 229 1926 in
248 1875 407 1944 praecipitis
426 1875 512 1928 fossas
530 1879 666 1941 urguente
685 1873 763 1926 ruina

114 1948 248 2018 Volvitur,
267 1952 385 2004 inmissis
402 1968 466 2021 pars
484 1967 564 2004 caeca
583 1953 612 2003 et
630 1950 736 2002 concita
753 1949 839 2002 frenis

116 2026 226 2080 Arietat
244 2028 273 2080 in
291 2032 384 2095 portas
404 2031 432 2082 et
451 2027 534 2080 dures
554 2026 640 2079 obiice
659 2027 751 2094 pestis.
937 2040 977 2078 seo

116 2102 194 2170 lpsae
214 2103 249 2156 de
268 2105 353 2156 muris
373 2121 477 2157 summo
497 2104 646 2157 certamine
663 2106 807 2167 inatres,—

114 2177 250 2232 Menstrat
269 2197 344 2232 amor
363 2197 444 2233 verus
462 2180 635 2249 patriae-ut
654 2178 748 2231 videre
769 2177 921 2247 Cantillam,

113 2252 178 2306 Tela
196 2272 277 2307 nranu
295 2256 422 2325 trepidae
440 2257 549 2323 iaciunt,
569 2272 600 2308 ac
618 2255 716 2308 roboro
735 2253 803 2306 duro
868 2303 873 2314 ,

114 2329 260 2399 Stipitibus
278 2331 382 2384 ferrum
402 2332 571 2401 sudibusque
590 2332 732 2385 imitantur
751 2329 855 2383 obustis

116 2406 289 2473 Praecipites,
303 2407 463 2476 primaeque
476 2409 545 2461 mori
558 2425 608 2476 pre
620 2406 762 2460 moenibus
775 2406 882 2462 ardent.
937 2423 976 2463 sss

150 2482 259 2536 Interea
278 2483 399 2536 Turnum
418 2484 445 2538 in
465 2485 539 2538 silvis
560 2484 735 2538 saevissimus
753 2483 839 2552 inplet

114 2559 138 2611 N
141 2560 239 2626 nntius,
259 2563 288 2613 et
306 2560 396 2614 iuveni
414 2561 555 2630 ingentem
574 2561 629 2614 fert
649 2561 723 2614 Acca
740 2560 908 2613 tumultum:

114 2633 225 2688 Deletas
248 2636 406 2690 Volscorum
425 2639 504 2706 acies,
523 2637 654 2690 cecidisse
675 2636 824 2700 Camillam,

116 2710 247 2778 Ingruere
266 2711 386 2766 infensos
404 2714 497 2780 hostis,
518 2718 547 2766 et
566 2713 656 2765 Marte
676 2710 793 2766 secundo

114 2785 211 2840 Omnia
229 2788 399 2857 corripuisse,
419 2793 522 2843 metum
542 2789 595 2841 iam
614 2788 650 2840 ad
667 2787 775 2842 moenia
792 2786 867 2841 ferri.
935 2801 975 2839 seo

114 2861 164 2914 Ille
182 2863 338 2916 furens-et
358 2881 438 2917 saeva
458 2865 530 2918 Iovis
549 2866 587 2916 sie
605 2865 715 2916 numina
732 2867 876 2932 poscunt-

113 2933 223 2991 Desen‘t
241 2938 365 2992 obsessos
384 2941 467 3004 collis,
486 2957 596 2993 nemora
615 2957 712 3008 aspera
730 2938 835 3006 linquit.

112 3007 167 3061 Vix
186 3029 201 3064 e
219 3017 366 3079 conspectu
385 3015 490 3067 exierat
509 3031 689 3083 campumque
708 3014 830 3080 tenebat,

112 3080 181 3134 Cum
200 3089 281 3151 poter
301 3090 416 3152 Aeneas,
437 3088 523 3141 saltus
541 3089 680 3156 ingressus
699 3094 818 3158 apertos,

112 3151 321 3225 Exsuperatqnc
339 3162 430 3226 iuga-n
453 3163 573 3230 silvaque
592 3165 686 3218 evadit
705 3182 797 3232 opaca.
935 3182 975 3220 sos

87 3327 120 3334 ⁴
