2152 3506
78 138 123 184 124
316 133 344 180 P.
366 131 518 180 VERGILI
536 131 699 178 MARONIS

78 217 113 270 Et
130 220 234 270 terram
252 213 316 267 tabo
334 214 478 267 runcnlant
517 211 587 265 Mihi
606 212 723 280 frigidus
741 217 837 269 horror

77 285 202 346 Membra
215 290 312 359 quatit,
325 290 488 358 gelidusque
500 291 554 343 coit
567 289 713 344 formidine
726 293 842 359 sanguis.
914 309 939 348 aa

78 368 229 421 Rursust
200 372 229 421 et
246 368 285 420 alt
287 369 359 421 erius
376 368 482 422 lentum
501 367 654 420 convellere
672 368 761 421 vimen

77 446 211 513 insequor
230 449 258 497 ct
276 461 385 499 caussas
403 445 514 513 penitus
532 448 671 512 temptare
689 444 812 498 latentis:

77 524 148 574 Atcr
166 526 194 575 ct
212 522 326 574 alterius
345 523 472 610 sequitur
491 520 526 574 de
544 522 646 574 cortice
665 522 781 594 sanguis.

78 593 165 652 Multa
183 615 293 652 movens
312 600 401 651 animo
421 597 562 667 Nymphas
581 589 733 652 venerabar
747 602 865 667 agrestis

77 675 280 744 Gradivumque
299 679 346 744 pat
348 692 413 741 rem,
433 675 537 728 Geticis
555 675 602 744 qui
620 675 760 745 praesidet
778 675 857 744 arvis,
912 692 937 732 ³5

78 751 142 805 ltite
161 749 342 806 secundartcn
330 752 435 805 tusus
454 767 588 819 omenque
606 751 735 809 levartcn.

77 826 170 881 Tertia
188 828 237 882 sod
255 833 401 897 postquam
420 829 522 881 maiore
540 827 648 896 hastilia
665 828 725 880 nisu

78 904 236 972 Adgredior
253 905 423 973 genibusque
443 905 573 958 adversae
590 903 714 957 obluctor
731 921 864 958 arenae—

77 980 203 1048 Eloqnar,
222 998 256 1033 an
275 981 540 1050 sileaml-genritus
558 979 733 1034 lacrimabilis
750 982 804 1034 imo

77 1057 198 1110 Auditur
217 1058 328 1126 tumulo,
348 1062 376 1112 ct
394 1076 445 1112 vox
465 1057 576 1112 reddita
594 1057 683 1110 fertur
700 1057 736 1110 ad
754 1058 841 1113 auris:
912 1073 935 1112 ro

77 1133 150 1196 Quid
168 1134 303 1200 miserum,
323 1137 425 1200 Aenea,
445 1135 563 1187 lacerasl
581 1134 636 1186 iam
654 1150 737 1203 parce
755 1134 878 1201 sepulto;

78 1209 162 1263 Parce
180 1211 239 1278 pias
258 1209 391 1263 scelerare
410 1228 513 1264 manus.
553 1210 615 1262 Non
633 1226 678 1263 me
696 1209 747 1264 tibi
766 1209 846 1263 Troia

77 1286 132 1339 Ext
120 1290 258 1340 tter-num
246 1287 316 1353 t,ulit
336 1291 384 1340 aut
403 1304 482 1340 cruor
501 1288 544 1341 hic
563 1287 651 1340 desti
670 1287 709 1340 ite
726 1291 827 1340 manat.

77 1363 156 1417 Heu!
175 1363 223 1431 fug
206 1381 239 1418 σθ
257 1328 405 1418 crudelist
393 1367 487 1431 t·‚crraa
505 1365 553 1432 fug
535 1381 569 1418 σθ
587 1364 605 1416 li
607 1303 788 1425 tmplvarum

77 1439 148 1493 Nam
168 1440 318 1508 Polydorus
338 1457 394 1516 ego
434 1440 487 1512 llic
505 1441 640 1493 confixum
659 1440 746 1492 ferrea
765 1439 837 1492 texit
910 1455 932 1492 45

77 1507 202 1569 'Pelorum
221 1533 298 1583 seges
318 1522 347 1570 ct
364 1517 484 1570 iaculis
476 1517 591 1570 increvit
579 1505 735 1570 tacutisf‘

111 1592 179 1648 Tum
197 1609 261 1645 vero
280 1593 390 1662 ancipiti
410 1597 486 1646 ment
487 1610 530 1646 cm
550 1591 762 1646 formidinee
713 1609 762 1660 pr
740 1609 823 1666 ‚589⁵

77 1667 210 1736 Obstipui,
229 1672 420 1738 steteruntque
441 1687 532 1723 comae
551 1673 580 1723 et
597 1686 650 1722 vox
668 1668 791 1722 saucibus
809 1669 905 1722 haesit.

77 1741 157 1796 Hunc
177 1743 340 1812 Polydorum
359 1746 419 1798 auri
438 1747 575 1816 quondam
593 1763 654 1799 cum
673 1745 793 1814 pondere
810 1761 911 1811 niagno

77 1819 175 1896 infelix
195 1821 319 1874 Priamus
337 1823 431 1877 furtim
450 1822 593 1876 mandarat
611 1820 738 1875 alendum
908 1835 933 1874 5ο

77 1888 200 1950 Threicio
218 1899 283 1966 regi,
303 1917 363 1952 crnn
381 1899 434 1953 iam
454 1887 592 1952 dillidefct
610 1889 711 1951 armis*

76 1972 231 2030 Dardaniae
249 1977 375 2046 cingique
394 1969 649 2031 urbem'obsidione
667 1975 782 2028 videret
793 1972 815 2048 ql

77 2049 136 2116 ille,
154 2056 185 2104 ut
203 2069 268 2121 opes
286 2053 389 2106 fractae
409 2054 548 2120 Teucrum,
566 2056 595 2107 et
614 2052 736 2105 Fortuna
753 2052 872 2118 recessit,

28 2157 30 2167 ·
77 2125 132 2178 Itos
152 2131 381 2196 Agamemnonias
400 2131 573 2198 victriciaque
591 2146 667 2182 arma
685 2131 799 2195 secutus,

77 2201 131 2254 Fas
143 2220 221 2257 omne
234 2205 384 2274 abrumpit;
399 2206 562 2274 Polydorum
573 2205 726 2272 obtruncat,
739 2208 768 2257 et
780 2220 844 2257 auro
907 2219 931 2258 55

77 2279 112 2331 Vi
131 2281 242 2346 potitur.
279 2282 350 2344 Quid
368 2299 421 2334 non
440 2282 565 2336 mortalia
582 2285 694 2351 pectora
711 2280 791 2349 cogis,

77 2355 147 2407 Auri
166 2372 242 2409 sacra
260 2356 361 2411 tamesi
401 2357 550 2427 Postquam
569 2375 653 2427 pavor
670 2374 731 2410 ossa
748 2357 867 2425 reliquit,

76 2430 202 2484 Delectos
220 2433 312 2500 populi
331 2432 366 2486 ad
384 2451 511 2502 proceres
528 2436 700 2504 primumque
718 2439 860 2502 parentem

76 2506 201 2561 Monstra
219 2509 300 2562 deum
319 2509 413 2580 retem,
431 2515 467 2579 ct,
486 2528 556 2580 quac
574 2512 610 2565 sit
628 2511 770 2576 sententia,
789 2525 877 2578 posce.

77 2583 208 2637 Omnibus
225 2586 298 2639 idem
317 2587 430 2655 animus,
450 2589 583 2656 scelerata
601 2587 735 2640 excedere
753 2595 836 2653 terra,
906 2599 930 2640 co

76 2659 174 2727 Linqui
192 2662 326 2728 pollutum
345 2662 501 2733 hospitium,
521 2668 549 2717 ct
568 2664 634 2717 darc
653 2662 785 2716 classibus
802 2664 918 2726 austros.

76 2735 173 2802 Ergo'
167 2740 349 2791 instauramus
369 2739 503 2808 Polydoro
521 2741 616 2794 funus:
636 2740 689 2794 et
682 2755 776 2808 ingens

76 2814 193 2878 Aggerit
195 2830 227 2864 ur
244 2814 380 2867 tumulat
368 2816 466 2882 t;ellus
485 2819 559 2871 stant
575 2817 705 2869 Manibus
723 2831 794 2883 arae,

76 2887 212 2941 Caeruleis
231 2894 351 2943 maestae
369 2892 445 2944 vittis
463 2897 578 2961 atraque
596 2908 730 2960 cupresso,

76 2961 113 3013 Et
102 2964 228 3016 tcircum
248 2965 350 3018 iliados
369 2968 470 3020 crinem
489 2968 524 3020 dc
543 2985 617 3020 more
636 2968 754 3029 solutae;
906 2980 930 3020 55

76 3036 221 3091 inferimus
239 3042 333 3108 tepido
351 3043 507 3110 spumantia
524 3042 629 3128 cymbia
646 3043 717 3094 lacte

76 3110 217 3174 Sanguinis
235 3118 264 3167 ct
281 3117 349 3169 sacri
367 3120 484 3183 paterae,
503 3119 673 3182 animamque
686 3116 834 3204 ‘sepulchro

76 3181 230 3252 condimus,
249 3191 278 3242 et
296 3207 394 3258 magna
412 3207 568 3258 supremum
588 3207 651 3242 voce
669 3192 776 3245 oiemus.
