2174 3502
380 160 563 210 Anunlnos
580 160 650 208 LIB.
672 160 702 209 V.
921 161 966 210 llll

113 243 233 312 Iamque
251 241 322 294 adeo
340 241 436 293 donati
454 257 547 293 omnes
564 239 717 308 opibusque
735 239 846 302 superbi

112 319 242 374 Puniceis
259 318 336 371 ibant
355 317 453 370 evincti
471 321 597 384 tempora
613 316 718 382 taeniis,

112 396 184 450 Cum
203 411 319 448 saevae
338 393 448 462 scopulo
466 393 615 446 multaris
633 396 693 446 arte
711 395 840 458 revolsus,
939 408 973 446 ea

112 472 234 526 Amissis
251 471 336 524 remis
353 474 437 538 atque
455 469 550 522 ordine
568 469 665 524 debilis
682 487 744 538 uno,

113 549 234 602 inrisam
253 547 312 601 sine
330 546 432 600 honere
451 549 538 598 ratem
557 545 701 634 Sergestus
719 547 824 615 agebat.

68 629 95 713 f
113 624 211 690 Qualis
229 639 311 691 saepe
329 623 389 676 viae
407 621 583 690 deprensus
576 639 604 675 m
622 639 723 691 aggere
742 640 859 710 serpens,

113 705 209 755 Aerea
226 716 309 769 quem
326 698 466 767 obliquum
484 701 528 750 rot
529 714 545 751 a
561 699 678 765 transiit,
697 702 745 752 aut
762 699 853 767 gravis
870 699 926 752 ictu

112 777 287 831 Semineeem
303 773 385 842 liquit
403 791 468 827 saxo
485 774 658 844 lacerumque
676 776 732 828 siat
733 792 770 836 or
933 789 969 828 ers

111 854 292 922 Nequiquam
308 851 403 918 longos
421 850 594 918 fugienst
545 851 594 904 dat
611 868 724 921 corpere
742 857 839 916 tortus,

112 929 201 982 Parte
218 929 304 994 ferox,
322 927 476 995 ardensque
493 927 584 991 emilis,
602 931 631 980 ct
649 927 727 982 sibila
744 929 811 982 calla

113 1004 230 1058 Arduus
248 1003 393 1069 attollens;
412 1019 475 1072 pars
493 1003 602 1056 volnere
620 1004 717 1058 claurda
734 1008 855 1058 retentat

112 1081 273 1134 Nexantem
291 1078 370 1132 nodis
388 1095 470 1148 seque
487 1079 515 1132 in
534 1096 583 1132 sua
600 1081 723 1134 membra
740 1081 894 1149 plicantem.
905 1099 923 1148 q

111 1157 171 1209 Tali
191 1156 305 1223 remigio
322 1155 398 1208 navis
416 1172 445 1208 se
462 1154 544 1208 tarda
561 1156 701 1222 movebat;
931 1169 967 1208 ase

115 1232 186 1286 Vela
203 1233 269 1284 facit
286 1236 387 1298 tamen,
405 1235 434 1286 et
451 1231 517 1285 velis
535 1232 610 1285 subit
627 1234 697 1286 ostia
714 1233 806 1300 plenis.

112 1311 277 1375 Sergestum
297 1309 407 1361 Aeneas
425 1309 559 1377 promisso
577 1307 689 1362 munere
709 1309 800 1373 donat,

111 1386 260 1438 Servatam
278 1383 313 1436 ob
332 1401 426 1436 navem
445 1383 533 1437 lactus
552 1384 693 1452 sociosque
711 1384 843 1437 reduetus.
881 1407 884 1412 ·

112 1461 169 1514 Olli
188 1476 268 1513 serva
286 1459 374 1526 datur,
393 1476 504 1528 operum
524 1459 598 1512 haud
616 1461 710 1528 ignara
729 1459 874 1520 Minervae,

112 1537 215 1591 Cressa
233 1553 325 1603 genus,
346 1535 454 1603 Pholoe,
471 1536 625 1604 geminique
644 1536 695 1590 sub
713 1536 797 1589 ubere
815 1536 879 1589 nati.
931 1549 967 1588 aas

150 1613 213 1665 Hoc
231 1613 291 1679 pius
313 1616 418 1666 Aeneas
436 1613 518 1665 misso
536 1613 683 1666 certamine
700 1613 792 1666 tendit

111 1689 291 1743 Grainineum
304 1688 331 1740 in
344 1705 476 1756 campum,
489 1705 571 1757 quem
583 1689 695 1743 collibus
706 1689 829 1756 undique
842 1689 932 1742 curvis

111 1763 270 1832 Oingebant
287 1763 377 1829 silvae,
396 1762 541 1832 mediaque
558 1765 586 1816 in
604 1766 673 1819 valle
691 1766 793 1819 theatri

111 1842 211 1895 Circus
229 1843 305 1905 erat;
324 1857 378 1908 qno
396 1857 425 1894 se
444 1840 536 1894 multis
554 1857 615 1893 cum
633 1841 741 1895 milibus
759 1841 840 1894 heros

111 1917 250 1971 Consessu
268 1917 388 1970 medium
406 1916 471 1970 tulit
489 1919 682 1986 exstructoque
700 1918 810 1971 resedit.
932 1931 968 1969 aaa

114 1994 176 2058 llic,
196 1993 243 2060 qui
261 1993 331 2046 ferte
349 1993 433 2046 velint
452 1993 547 2061 rapido
564 1994 730 2047 contendere
748 2011 835 2057 cursu,

111 2070 219 2122 lnvitat
237 2069 334 2136 pretiis
351 2069 462 2134 animos,
482 2073 511 2122 ct
529 2071 649 2138 praemia
666 2072 749 2139 penit.

2 2193 5 2210 ,
111 2144 246 2212 Undique
263 2145 425 2198 conveniunt
443 2145 538 2199 Teucri
556 2147 689 2214 mixtique
707 2144 804 2212 Sicani,

6 2233 10 2242 ’
113 2221 199 2274 Nisus
217 2223 247 2274 et
266 2220 399 2288 Euryalus
418 2221 505 2290 primi,

110 2296 246 2365 Euryalus
264 2297 351 2350 ferma
368 2297 480 2366 insignis
498 2297 633 2366 viridique
651 2299 768 2365 iuventa,
932 2323 968 2362 295

111 2373 197 2426 Nisus
215 2389 307 2426 amore
325 2375 370 2442 pio
388 2374 483 2443 pueri;
503 2391 571 2442 quos
590 2375 690 2428 deinde
708 2379 817 2430 secutus

115 2451 218 2516 Regius
236 2449 347 2517 egregia
366 2450 520 2504 Priamide
539 2452 624 2517 stirpe
644 2451 756 2515 Diores;

115 2526 196 2578 llunc
209 2525 298 2578 Salius
311 2526 391 2579 simul
403 2531 432 2580 et
447 2527 555 2592 Patron,
570 2543 684 2593 quorum
697 2527 767 2580 alter
781 2529 917 2592 Acarnan,

115 2601 196 2655 Alter
215 2601 250 2653 ab
273 2602 391 2655 Arcadio
410 2599 549 2670 Tegeaeae
567 2603 697 2670 sanguine
715 2604 821 2670 gentis3

111 2677 181 2730 Turn
194 2677 250 2730 due
263 2677 392 2730 Trinacrii
411 2679 529 2744 iuvenes,
549 2679 681 2746 Helymus
702 2679 887 2748 Panopesque,
932 2693 968 2732 uu

113 2750 234 2805 Adsueti
252 2752 334 2818 silvis,
354 2754 465 2807 comites
484 2754 597 2808 senioris
616 2756 749 2820 Acestae;

111 2826 195 2880 Multi
213 2833 362 2896 praeterea„
381 2846 449 2898 quas
466 2830 539 2882 falna
557 2829 671 2884 obseura
689 2832 818 2885 recondit.

112 2905 222 2956 Aeneas
241 2903 339 2972 quibus
356 2907 384 2959 in
403 2906 500 2959 mediis
518 2907 556 2960 sie
574 2907 673 2961 deinde
692 2908 812 2962 loeutus:

113 2980 241 3048 Accipite
259 2979 325 3034 haee
343 2982 447 3048 animis,
466 2982 606 3051 laetasque
625 2983 762 3036 advertite
779 2986 898 3036 mentes:

112 3051 201 3108 Nemo
218 3073 254 3108 ex
271 3055 322 3110 hec
339 3074 453 3110 numere
470 3059 536 3111 mihi
552 3076 606 3111 nen
625 3058 741 3111 donatus
760 3058 853 3110 abibit.
930 3072 968 3113 ³⁰5

112 3129 214 3184 Gnosia
230 3131 295 3184 bina
314 3133 385 3185 dabo
402 3133 492 3187 levate
510 3134 601 3186 lucida
618 3134 692 3184 ferro

112 3207 223 3274 Spicum
239 3208 427 3276 caelatamque
446 3212 560 3274 argento
578 3208 651 3259 serre
668 3206 816 3272 bipennem
825 3226 833 3266 ;
