2172 3506
96 155 142 202 336
329 158 356 204 Ρ.
376 155 531 204 VERGILI
548 153 714 202 MARONIS

99 235 290 306 directaeque
307 236 420 290 horrore
439 252 540 303 mmae,
559 238 588 288 ct
605 249 657 288 vox
675 232 798 287 faucibus
814 233 911 289 haesit

98 311 146 378 At,
163 312 258 380 procul
276 316 309 367 nt
327 312 411 366 Dirae
429 311 577 365 stridorem
594 310 724 378 adgnovit
743 313 772 362 et
789 309 855 378 alas,

98 383 197 441 Infelix
215 388 298 442 erinis
316 389 416 443 scindit
435 389 553 442 Iuturna
570 387 681 452 solutos,
912 401 952 440 aro

97 461 240 532 Unguibus
259 481 307 518 ora
325 481 402 520 soror
418 464 532 518 foedans
550 466 580 518 et
597 466 710 532 pectora
726 462 838 530 pugnis:

97 538 170 604 Quid
187 557 258 595 nunc
275 545 306 595 te
323 545 379 606 tua,
398 541 496 608 Turno,
514 543 607 610 potest
623 555 753 608 germana
770 539 885 593 iuvaret

98 617 156 670 Aut
174 617 242 686 quid
259 617 313 671 iam
332 617 418 671 durae
436 620 550 686 superat
566 616 652 670 mihil
677 631 732 683 qua
750 614 802 668 tihi
819 615 909 668 lucem

98 692 168 746 Arte
185 695 296 747 morerl
332 693 407 747 talin’
425 709 536 762 possum
554 709 599 745 me
615 707 753 761 opponere
770 693 913 745 monstrol

97 767 156 821 lam
174 769 228 822 iam
246 769 341 838 linquo
358 770 437 823 acies.
474 769 517 822 Ne
535 785 580 820 me
597 770 704 821 terrete
721 767 873 834 timentem,
911 781 951 822 ers

97 842 236 898 Obscenae
254 845 393 911 volucres3
417 845 522 898 alamm
540 843 655 898 verbera
672 860 754 896 nosco

98 919 274 989 letalemque
293 937 402 986 sonum3
425 937 477 974 nec
493 920 589 973 fallant
606 919 681 972 iussa
698 919 816 987 superba

96 994 263 1062 Magnanimi
282 997 363 1050 lovis.
400 997 477 1050 Haeo
495 1013 545 1065 pro
563 996 721 1064 virginitate
739 996 863 1064 reponitl

96 1069 156 1134 Quo
175 1073 257 1126 vitam
276 1073 355 1127 dedit
372 1075 529 1127 aeternam?
553 1089 602 1124 cur
619 1071 717 1124 mortis
735 1071 865 1139 adempto
884 1075 929 1125 est

96 1146 243 1202 Condiciol
266 1166 374 1218 possem
393 1153 485 1203 tantos
503 1149 583 1201 linire
600 1147 708 1202 dolores
908 1165 948 1201 eso

95 1222 121 1275 N
124 1239 177 1277 uno
194 1227 277 1291 certe,
296 1229 325 1279 et
343 1226 442 1279 misero
459 1226 538 1280 fratri
556 1241 647 1278 comes
664 1224 705 1277 ire
722 1240 772 1292 per
790 1225 910 1278 umbras.

99 1298 253 1355 Inmortalis
271 1304 338 1370 egoi
362 1305 411 1356 aut
428 1302 574 1370 quicquam
592 1300 659 1353 mihi
677 1300 758 1354 dulce
774 1317 896 1354 meorum

95 1374 134 1428 'le
151 1376 217 1444 sine,
233 1376 326 1442 irater,
346 1379 415 1432 eritl
450 1377 474 1431 Ο
493 1394 563 1446 quac
581 1377 649 1430 satis
666 1376 722 1430 alta
739 1376 862 1429 dehiscit

96 1449 179 1504 Terra
196 1452 271 1519 mihi,
292 1454 435 1523 Manisque
452 1454 532 1507 deam
551 1452 680 1506 demittat
698 1451 734 1505 ad
751 1451 833 1505 imos!

96 1525 211 1580 'lantum
229 1529 318 1598 effata,
336 1533 419 1599 caput
435 1529 531 1597 glauco
549 1529 671 1582 contexit
687 1528 795 1593 amictu,
907 1545 946 1584 ese

95 1601 184 1655 Multa
199 1619 319 1671 gemens,
337 1608 367 1658 et
384 1621 414 1658 se
431 1605 513 1657 fluvio
531 1603 584 1656 dea
602 1603 725 1657 condidit
741 1604 805 1658 alto.

130 1679 240 1731 Aeneas
256 1679 342 1732 instat
360 1684 455 1733 contra
471 1679 613 1747 telumque
632 1684 761 1747 coruscat,

96 1753 204 1821 lugens,
221 1753 374 1822 arboreum,
392 1758 422 1808 et
439 1771 519 1810 saevo
537 1755 576 1808 sic
594 1758 707 1824 pectore
722 1755 808 1808 fatur:

95 1829 171 1891 Quae
195 1846 266 1884 nunc
290 1830 391 1885 deinde
411 1847 489 1884 mora
510 1832 569 1885 esti
598 1834 647 1884 aut
668 1830 736 1899 quid
756 1831 818 1896 iam,
841 1837 941 1900 Turne,

162 1909 311 1960 retractasl

95 1979 157 2034 Non
174 1998 262 2048 cursu,
281 1983 368 2038 saevis
386 1983 547 2037 certandum
564 1986 608 2036 est
626 1983 775 2036 comminus
791 1987 881 2038 armis
905 2001 942 2040 mo

94 2055 182 2110 Verte
199 2059 286 2111 omnis
304 2062 362 2114 tete
379 2060 407 2112 in
424 2059 514 2127 facies,
532 2061 561 2112 et
577 2059 716 2124 contrahe,
735 2058 871 2128 quidquid

94 2131 157 2186 Sive
174 2134 271 2188 animis
289 2135 346 2188 sive
364 2139 425 2189 arte
442 2135 531 2200 vales;
555 2138 619 2202 opta
636 2134 723 2188 ardua
740 2137 836 2202 pennis

95 2210 180 2262 Astra
197 2211 283 2279 sequi,
301 2211 476 2280 clausumque
492 2227 558 2265 cava
575 2213 605 2264 te
622 2211 740 2265 condere
757 2215 839 2266 terra.

95 2284 146 2338 llle
163 2289 247 2354 caput
265 2303 408 2354 quassans:
432 2288 457 2340 N
460 2303 494 2340 on
511 2303 556 2340 me
572 2290 622 2340 tua
637 2285 743 2342 fervida
759 2291 865 2342 terrent

95 2360 182 2428 Dicta,
200 2361 290 2415 ferox:
315 2361 344 2414 di
362 2379 406 2414 me
422 2365 530 2416 terrent
547 2366 576 2416 et
595 2363 721 2431 Iuppiter
738 2363 832 2416 hostis.
902 2380 940 2420 see

93 2436 153 2490 Nec
170 2436 249 2505 plura
266 2435 371 2503 effatus,
391 2453 486 2491 saxum
503 2438 685 2506 circumspicit
702 2438 804 2506 ingens,

94 2511 195 2566 Saxum
213 2512 363 2580 antiquum,
381 2513 589 2582 ingens‚campo
607 2513 682 2582 quod
699 2514 770 2568 torte
788 2515 902 2581 iacebat,

94 2589 184 2642 Limes
201 2605 267 2656 agro
284 2590 395 2658 positus,
413 2590 489 2643 litem
507 2593 539 2642 ut
557 2590 725 2643 discerneret
742 2593 828 2655 arvis3

94 2662 149 2717 Vix
166 2663 234 2717 illud
251 2665 316 2718 lecti
333 2665 375 2718 bis
393 2682 440 2718 sex
458 2666 563 2718 cervice
580 2665 717 2731 subirent,

94 2739 191 2803 Qualia
208 2757 279 2792 nunc
291 2741 430 2794 hominum
447 2741 574 2808 producit
592 2758 706 2809 corpora
722 2741 817 2806 tellus;
901 2757 940 2796 eoo
997 2805 1002 2812 ¹

94 2814 145 2868 Ille
162 2831 245 2870 manu
262 2820 369 2884 raptem
385 2817 495 2886 trepida
511 2817 658 2886 torquebat
675 2818 704 2870 in
721 2817 834 2885 hostem,

94 2889 185 2942 Altior
201 2891 343 2958 insurgens
361 2896 390 2946 et
407 2909 487 2945 cursu
506 2894 625 2947 concitus
642 2893 732 2947 heros.

93 2961 148 3014 Sed
165 2980 254 3030 neque
271 2971 425 3020 currentem
443 2985 473 3021 se
490 2985 540 3022 nec
553 2970 690 3036 cognoscit
708 2973 826 3034 euntem,

93 3033 277 3091 Tollentemve
288 3057 369 3094 manu
387 3060 537 3111 saxumque
554 3045 662 3098 inmane
680 3049 848 3110 moventem

92 3103 189 3160 Genua
205 3111 306 3180 labant,
323 3118 430 3181 gelidus
448 3122 584 3173 concrevit
601 3122 703 3188 frigore
721 3123 838 3190 sanguis.
901 3138 940 3178 eos

91 3176 159 3230 Tum
177 3182 246 3247 lapis
263 3188 321 3253 ipso
339 3192 396 3257 viri,
414 3209 527 3248 vacuum
545 3196 692 3263 perinane
710 3198 825 3265 volutus,

1080 2521 1082 2542 ι

1078 2543 1082 2574 l
