2172 3506
138 173 179 220 318
367 167 396 215 Ρ,
414 163 568 212 VERGILI
586 161 750 211 MARONIS

136 253 214 306 Nune
231 249 358 303 iuvenem
375 246 516 316 inparibus
535 245 618 297 video
634 260 796 298 concurrere
813 245 887 315 fatis,

136 329 336 394 Pareammque
355 323 415 376 dies
434 326 463 376 et
480 322 521 375 ris
538 321 647 373 inimica
664 321 837 392 propinquat.
951 340 989 380 mo

134 405 195 458 Non
208 417 328 473 pugnam
341 401 463 468 aspicere
475 397 543 450 hene
556 397 647 466 oeulis,
660 412 713 448 non
726 398 838 451 foedera
850 416 969 466 possmn.

133 481 173 534 'lu
191 497 240 548 pro
259 492 388 546 gcrnrano
407 474 430 528 si
449 474 517 542 quid
535 474 707 542 praesentius
725 475 817 542 andes,

134 558 235 624 Perge;
255 553 342 606 dccet.
379 552 482 604 Forsan
501 551 616 603 miseros
635 550 748 603 meliora
766 559 924 621 sequentur.

134 634 187 686 Vix
206 649 251 686 ea:
271 646 332 684 cum
351 629 476 681 lacrimas
495 629 578 680 oeulis
598 627 714 680 Iuturna
732 629 863 697 profudit,

133 710 239 776 'l’erque
253 712 405 776 quaterque
417 723 498 759 manu
511 711 607 776 pectus
620 706 755 776 percussit
765 708 921 761 honestum.
953 723 988 761 rso

133 787 193 839 Non
212 785 331 837 lacrimis
349 784 399 837 hoc
418 789 532 853 tempus,
551 786 591 838 uit
611 785 739 837 Saturnia
759 785 843 848 Iuno;

134 863 276 929 Adcelera,
296 865 323 915 ot
342 863 463 928 fratrem,
483 861 505 914 si
525 862 585 931 quis
603 863 708 925 modus,
730 863 805 930 oripo
823 861 921 924 nuntii,

134 941 191 990 Aut
210 943 240 990 tu
259 937 331 990 bella
350 939 399 1007 cie,
418 943 634 1007 conceptumque
653 942 750 990 excute
768 938 871 990 foedus.

134 1018 237 1066 Auctor
256 1031 306 1082 ego
325 1015 450 1067 audendi¹
488 1015 532 1068 Sic
551 1014 697 1067 exhortata
715 1014 826 1082 reliquit

135 1090 270 1143 Incertum
290 1094 318 1144 ct
337 1091 411 1143 tristi
429 1090 567 1143 turbatam
585 1090 694 1144 volnere
712 1091 817 1144 mentis.
952 1104 988 1142 im

169 1166 278 1219 Interea
296 1182 383 1234 reges,
402 1166 507 1234 ingenti
526 1166 597 1220 mole
616 1166 730 1218 Latinus

133 1242 301 1310 Quadriiugo
319 1242 429 1295 vehitur
447 1259 536 1308 currn,
555 1242 598 1295 oui
617 1246 741 1310 tempora
758 1242 858 1294 circum

134 1318 233 1371 Aurati
251 1317 294 1371 bis
313 1335 361 1370 sex
379 1317 449 1370 radii
468 1318 602 1385 fulgentia
620 1319 741 1385 cingunt,

132 1393 201 1447 Solis
220 1395 263 1446 avi
282 1394 434 1462 specimen;
452 1393 523 1461 bigis
541 1394 564 1447 it
582 1394 690 1446 Turnus
708 1394 736 1445 in
753 1393 829 1460 albis,

133 1469 203 1522 Bina
221 1486 302 1522 manu
320 1470 376 1522 lato
394 1470 517 1538 crispans
535 1469 645 1522 hastilia
661 1469 742 1522 ferro.
952 1485 988 1524 ms

134 1544 206 1597 Hinc
223 1549 303 1612 pater
322 1547 438 1611 Aeneas,
458 1546 598 1598 Romanae
617 1545 709 1613 stirpis
728 1545 810 1612 origo,

133 1620 245 1673 Sidereo
264 1620 380 1686 flagrans
398 1620 484 1688 clipeo
503 1624 531 1673 ct
549 1620 713 1674 caelestibus
731 1622 821 1685 armis,

135 1697 168 1748 Et
186 1697 264 1748 iuxta
285 1697 425 1763 Ascanius,
443 1712 558 1763 magnae
576 1713 638 1766 spes
657 1695 743 1749 altera
762 1696 872 1763 Romae,

137 1773 290 1825 Procedant
307 1772 411 1839 castris,
430 1789 553 1840 puraque
571 1773 599 1825 in
618 1775 694 1826 veste
712 1772 838 1826 sacerdos

133 1849 290 1915 &saetigerae
309 1847 396 1900 fetum
415 1848 470 1901 suis
488 1849 678 1916 intonsumque
696 1848 836 1900 bidentem
951 1863 988 1904 17⁰

135 1923 246 1990 naemu,
259 1923 434 1991 admovitque
452 1940 535 1991 pecus
553 1923 731 1990 flagrantibus
749 1925 811 1976 aris.

137 2000 178 2051 ulli
196 1999 406 2066 adsurgentem
425 1999 547 2052 conversi
565 1999 668 2052 lumina
686 2001 769 2052 solem

135 2076 207 2128 llant
224 2075 318 2142 fruges
335 2076 460 2128 manibus
479 2075 570 2142 salsas,
590 2079 618 2128 et
634 2079 759 2144 tempora
775 2076 848 2128 ferro

133 2153 244 2203 Summa
262 2155 358 2204 notant
375 2152 517 2219 pecudum,
535 2151 693 2219 paterisque
711 2152 808 2204 altaria
825 2151 921 2204 libant.

133 2227 200 2279 lum
219 2227 280 2294 pius
300 2229 408 2279 Aeneas
427 2228 523 2279 stricto
542 2228 580 2280 sic
598 2244 663 2280 ense
680 2231 821 2295 precatur:
951 2243 988 2283 175

137 2303 199 2355 Esto
217 2318 289 2354 nune
308 2301 353 2354 Sol
372 2304 452 2354 tostis
471 2303 585 2355 ethaeo
603 2303 669 2355 mihi
688 2303 774 2356 'Pena
791 2304 907 2366 vocanti,

135 2377 219 2442 (luam
238 2381 351 2445 propter
369 2382 460 2431 tantos
479 2379 555 2447 potui
574 2379 697 2447 perferre
716 2378 830 2443 labores,

136 2455 170 2506 llt
189 2453 272 2506 Pater
290 2453 469 2522 omnipotens,
489 2458 518 2508 et
536 2458 568 2507 tu
587 2455 716 2508 Saturnia
732 2455 857 2520 coniunx,

134 2531 193 2584 lam
211 2529 312 2595 melior,
331 2530 393 2596 iam,
412 2530 482 2600 dna,
500 2547 610 2601 precor3
628 2535 714 2599 tuque
732 2531 834 2584 inclute
853 2531 974 2597 Mavors,

133 2607 238 2660 Cuncta
256 2609 304 2658 tuo
323 2608 369 2675 qni
388 2606 466 2674 bella,
485 2611 571 2675 pater,
591 2606 642 2659 sub
660 2607 770 2660 numine
788 2610 918 2674 torques;
949 2619 987 2658 rsa

135 2683 282 2751 l'ontisque
302 2683 466 2750 Fluviosque
485 2699 557 2749 voco,
576 2700 702 2752 quaeque
720 2682 840 2736 aetheris
858 2681 908 2733 alti

134 2759 247 2826 Religio,
266 2761 295 2810 et
313 2775 384 2826 quae
402 2759 526 2812 caeruleo
544 2764 608 2812 sunt
626 2759 738 2812 rnrmina
755 2761 851 2825 ponto:

134 2835 253 2887 Cosserit
273 2834 394 2886 Ausonio
413 2835 434 2886 si
453 2836 508 2887 fors
526 2836 641 2890 victoria
659 2835 757 2900 Turno,

133 2909 265 2961 Convenit
284 2909 406 2962 Euandri
425 2911 512 2963 victos
531 2911 673 2964 discedere
691 2911 727 2963 ad
745 2909 855 2973 urbem;

132 2981 220 3035 Cedet
239 2982 315 3034 Iulus
333 2985 421 3050 agris3
439 3002 488 3037 nec
507 2991 569 3052 post
586 3001 662 3039 arnna
679 2987 735 3039 ulla
753 2985 870 3038 rebelles
949 3001 986 3040 les

32 3056 35 3061 '
133 3056 278 3109 Aeneadae
297 3058 423 3126 reserent,
440 3061 547 3112 ferrove
566 3060 631 3114 haec
649 3078 733 3129 regna
750 3062 891 3114 lacessent

132 3129 179 3180 Sin
197 3135 320 3183 nostrum
339 3133 468 3186 adnuerit
486 3134 564 3187 nobis
584 3136 707 3190 Victoria
726 3138 889 3200 Martem,-

50 3200 173 3252 -Ut
188 3205 279 3266 potins
296 3222 365 3269 reor,
383 3212 412 3260 et
429 3209 521 3277 potius
539 3210 567 3261 di
586 3212 698 3264 numine
717 3214 861 3266 firment-
917 3239 919 3245 v
