2174 3502
110 142 156 188 188
340 138 369 186 P.
388 135 542 186 VERGILI
560 136 727 186 MARONIS

110 219 174 272 Heu
191 221 303 272 nimium
321 217 357 271 de
375 221 405 271 te
421 220 506 283 rates,
524 215 638 283 Miseno,
655 216 748 271 locuta
766 222 816 272 est.

110 295 164 348 Vix
183 311 216 348 ea
233 295 306 348 fatus
324 298 391 360 erat,
408 293 532 360 geminae
549 308 610 345 oum
627 292 700 346 forte
717 292 859 348 columbae
930 311 969 351 rao

111 372 176 440 Ipsa
193 370 243 424 sub
261 387 309 423 ora
327 370 378 422 riri
395 368 470 422 caelo
487 384 587 422 venere
604 367 735 436 volantes,

110 447 148 500 Et
165 446 246 500 viridi
264 446 361 500 sedere
379 445 443 499 solo.
478 444 547 498 'lum
565 460 708 499 maxumus
725 445 806 500 heros

110 523 252 577 Maternas
270 522 414 590 adgnoscit
430 537 502 589 aves,
520 521 665 589 laetusque
683 526 825 589 precatur:

79 593 83 601 “
112 599 178 652 Este
195 598 286 665 duces,
305 614 329 665 o,
347 598 370 650 si
388 613 443 665 qua
460 597 505 650 via
522 601 572 662 est,
590 613 751 666 cursumque
768 614 821 667 per
837 615 920 653 auras

113 675 230 743 Dirigite
247 675 276 728 in
293 674 374 740 lucos,
393 673 442 726 ubi
459 673 588 741 pinguem
607 673 683 726 dives
702 677 800 743 opacat
929 692 967 731 res

113 752 214 804 llnmus
232 751 350 803 humum.
387 749 490 817 Tuque,
508 766 532 815 o,
549 748 640 802 dubiis
657 765 692 802 ne
710 749 798 804 defice
815 750 907 818 rebus,

113 827 181 880 luva
198 843 303 896 parens.
341 826 384 879 Sic
403 825 499 880 effatus
517 823 633 892 vestigia
649 825 757 894 pressit,

112 903 273 970 Observaus,
291 918 361 970 quac
381 901 457 969 signo
473 901 571 966 ferant,
590 917 644 968 qno
661 902 776 956 tendere
792 907 919 969 pergant.

113 979 258 1032 Pascentes
275 978 339 1030 illae
356 981 463 1031 tantum
482 977 593 1045 prodire
612 977 733 1046 volando,

112 1054 249 1118 Quantum
268 1054 324 1107 acie
343 1057 456 1121 possent
473 1052 542 1106 oculi
561 1069 670 1106 servare
687 1056 857 1122 sequentum.
928 1069 964 1108 eoo

113 1130 181 1183 lude
198 1130 246 1183 ubi
264 1146 362 1183 venere
381 1128 417 1181 ad
435 1130 526 1182 fauces
543 1129 728 1196 graveolentis
747 1130 858 1194 Averni,

111 1205 219 1260 Tollunt
237 1223 266 1259 se
284 1205 395 1271 celeres,
413 1204 601 1272 liquidumque
619 1221 669 1273 per
686 1221 750 1258 acra
766 1205 859 1274 lapsae

111 1281 228 1336 Sedibus
245 1282 346 1350 optatis
363 1281 488 1348 geminae
507 1296 590 1348 snper
607 1279 704 1334 arbore
721 1280 823 1346 sidunt,

112 1358 235 1412 Discolor
252 1357 325 1411 unde
343 1357 402 1410 auri
418 1373 469 1425 per
487 1373 576 1410 ramos
596 1373 662 1410 aura
679 1356 794 1410 refulsit.

112 1435 196 1498 Quale
214 1435 283 1488 solet
302 1433 374 1486 silvis
392 1431 510 1486 brumali
529 1433 632 1500 frigore
650 1432 754 1486 viseum
927 1447 964 1486 ros

112 1510 220 1563 Fronde
237 1511 326 1563 virere
344 1525 419 1574 nova
438 1509 513 1577 quod
530 1525 585 1562 non
604 1525 653 1563 sua
671 1508 786 1564 seminat
802 1507 893 1574 arbos,

112 1587 148 1639 Et
165 1602 259 1639 croceo
277 1587 336 1639 fetu
354 1585 451 1638 teretis
469 1585 638 1639 circumdare
656 1589 781 1640 truncos:

111 1661 182 1715 Talis
201 1666 260 1714 erat
279 1660 382 1729 species
400 1661 461 1714 auri
479 1661 633 1714 frondentis
650 1677 736 1729 opaea

113 1738 185 1803 llice,
203 1737 240 1790 sie
258 1736 312 1790 leni
330 1736 484 1805 crepitabat
502 1736 613 1790 bractea
630 1739 750 1810 ventos„

111 1814 231 1881 Corripit
250 1814 359 1866 Aeneas
377 1813 514 1882 extemplo
533 1813 683 1881 avidusque
702 1811 829 1880 refringit
928 1826 964 1866 no

112 1889 297 1957 Cunctantem,
315 1892 344 1942 et
361 1888 432 1942 vatis
450 1892 543 1956 portat
561 1889 613 1943 sub
631 1893 705 1944 tecta
723 1888 848 1956 Sibyllae.

146 1966 204 2019 Nec
222 1965 311 2019 minus
328 1966 435 2018 interea
453 1964 589 2018 Misenum
607 1966 636 2018 in
653 1966 734 2019 litore
752 1964 847 2018 Teucri

112 2042 235 2109 Flebant,
254 2045 283 2095 ct
300 2042 384 2096 cineri
402 2041 511 2110 ingrato
529 2057 656 2109 suprema
673 2040 804 2094 ferebant.

112 2117 247 2186 Principio
264 2118 392 2187 pinguem
411 2118 501 2171 taedis
519 2122 548 2171 et
566 2117 663 2170 robore
682 2121 756 2170 secto

112 2194 255 2262 Ingentem
273 2198 399 2248 struxere
417 2210 519 2262 pyram,
538 2193 581 2246 cui
599 2192 742 2246 frondibus
760 2192 827 2246 atris
929 2206 965 2245 ars

78 2323 81 2328 ,
112 2271 243 2324 intexunt
260 2269 356 2334 latera,
375 2273 405 2323 et
422 2270 514 2323 feralis
532 2273 596 2328 ante
615 2285 757 2338 cupressos

111 2345 294 2411 Constituunt
313 2345 499 2413 decorantque
518 2362 600 2414 super
619 2343 787 2413 fulgentibus
804 2348 893 2399 armis.

112 2421 179 2474 Pars
196 2420 299 2474 calidos
316 2420 410 2474 latices
429 2425 458 2475 et
477 2438 545 2474 aena
563 2421 696 2475 undantia
713 2419 828 2472 flamm's

113 2497 276 2565 Expediunt,
296 2512 448 2565 corpusque
466 2497 558 2550 lavant
576 2498 701 2566 frigentis
719 2501 748 2550 ct
766 2499 896 2563 unguunt.

112 2573 159 2626 rit
176 2573 301 2641 gemitus.
339 2573 408 2626 Turn
426 2573 550 2627 membra
568 2578 629 2627 toro
647 2572 748 2626 delicta
766 2575 910 2636 reponunt,
930 2587 965 2625 eso

113 2648 323 2718 Purpureasque
342 2653 540 2719 supervectas,
560 2649 693 2702 velamina
710 2651 782 2713 note,

112 2726 272 2779 Goniiciunt.
310 2727 378 2779 Pars
396 2726 501 2793 ingenti
519 2725 627 2779 subiere
648 2725 758 2788 feretro,

113 2801 203 2855 Triste
220 2793 410 2869 ministerium,
429 2805 459 2855 et
476 2802 626 2856 subiectam
644 2816 721 2854 more
738 2804 884 2865 parentum

115 2878 212 2930 Aversi
230 2881 345 2931 tenuere
362 2877 456 2930 facem.
495 2877 631 2944 Congesta
648 2877 806 2930 cremantur

112 2953 201 3005 'Fures
218 2953 296 3020 dona,
315 2952 406 3020 dapes,
424 2952 485 3006 fuso
503 2957 625 3006 crateres
643 2947 723 3004 olivoss
929 2963 967 3003 aas

114 3027 262 3094 Postquam
279 3028 397 3096 conlapsi
416 3029 519 3081 cineres
538 3031 567 3080 et
584 3027 694 3080 flamma
712 3025 824 3096 quievit,

113 3100 251 3167 Reliquias
268 3104 331 3156 vino
349 3109 379 3157 et
396 3102 518 3156 bibulam
536 3102 627 3156 lavere
644 3102 772 3169 favillam,

113 3175 236 3242 Ossaque
253 3178 325 3233 lecta
343 3179 410 3232 codo
428 3179 500 3232 texit
520 3177 675 3244 Corynaeus
694 3194 770 3233 aeno.
