2152 3506
109 161 138 203 ni
343 154 371 200 Ρ.
392 151 544 200 VERGILI
561 152 725 203 MARONIS

109 237 166 288 Noc
184 233 278 303 procul
296 233 358 286 hinc
378 233 462 286 Rhesi
481 233 567 286 niveis
585 233 705 286 tentoria
722 234 790 287 velis

109 310 262 378 hdgnosoit
280 309 431 374 lacrimans,
449 310 538 378 priano
557 325 628 377 quae
645 310 757 378 prodita
774 327 870 366 somno
936 327 975 368 m

52 391 88 444 „²5
108 387 226 458 Tydides
244 386 331 440 multa
350 387 476 441 vastabat
495 386 579 440 caede
598 393 734 454 cruentus,

110 465 296 532 Ardentisqne
314 466 414 519 avertit
433 481 517 533 equos
534 465 562 516 in
581 469 679 532 castra,
697 467 773 533 prius
792 481 875 532 quam

109 541 213 595 Pabula
230 546 389 608 gustassent
407 542 503 594 'lroiae
522 541 720 609 Xanthumque
738 540 878 594 bibissent

110 619 193 673 Parte
211 619 264 672 alia
281 618 389 685 fugiens
407 619 513 672 amissis
532 618 639 671 Troilus
657 618 748 683 armis,

110 696 208 749 Infelix
226 713 296 764 puer
314 699 398 763 atque
416 696 495 763 inpar
512 711 675 763 congressus
694 693 803 759 Achilli,
932 709 973 748 aas

111 773 211 826 Fertur
229 773 314 841 equis,
332 788 470 838 curruque
487 771 585 825 haeret
602 771 746 839 resupinus
763 770 844 834 inani,

111 849 181 902 Lora
207 853 302 902 tenens
329 852 437 912 tamen;
463 847 525 900 hnic
552 847 698 915 cervixque
728 861 877 913 numaeque
910 854 967 900 tra-

178 925 281 977 huntur

110 1000 164 1054 Pcr
182 1007 291 1066 terrani,
310 1003 339 1052 ot
357 1015 435 1052 versa
453 999 542 1067 pulvis
560 999 719 1052 inscribitur
737 999 821 1052 lrasta

112 1078 223 1131 interea
240 1077 275 1130 ad
295 1076 426 1144 templum
444 1091 497 1127 non
515 1091 619 1142 aequae
639 1074 757 1128 Palladis
775 1074 851 1128 ibant

110 1154 236 1207 Crinibus
257 1152 356 1205 iliades
374 1151 461 1219 passis
479 1151 646 1219 peplumque
665 1151 795 1218 ferebant,
930 1167 969 1204 sse

110 1231 274 1299 Suppliciter
291 1228 385 1281 tristes
404 1230 434 1280 et
451 1231 548 1280 tunsae
566 1231 680 1295 pectora
697 1227 809 1295 palmis;

111 1308 180 1360 Diva
198 1307 254 1360 solo
272 1307 341 1358 fixos
358 1304 450 1357 oculos
468 1319 563 1357 aversa
580 1304 702 1358 tenebat.

111 1383 163 1437 l'er
180 1385 280 1437 circum
300 1383 396 1435 Iliacos
415 1384 572 1448 raptaverat
591 1381 713 1434 Hectora
730 1397 827 1442 risuros,

111 1461 327 1527 lixanimnmque
345 1474 412 1512 auro
430 1473 528 1525 corpus
546 1455 683 1510 vendebat
701 1456 827 1510 hchilles.

111 1537 178 1590 Tum
197 1553 260 1589 vero
278 1536 416 1602 ingentem
433 1535 564 1601 gemitum
583 1533 632 1586 dat
649 1538 761 1602 pectore
779 1533 814 1585 ab
832 1535 894 1592 imo,
927 1550 966 1588 aas

111 1613 151 1666 Ut
169 1612 259 1680 spolia,
279 1616 310 1664 nt
328 1628 430 1675 currus,
449 1615 534 1677 utque
552 1610 641 1677 ipsum
660 1627 757 1678 corpus
775 1611 861 1672 ariarici,

112 1688 335 1756 Tendentemque
353 1703 449 1739 manns
468 1686 606 1738 Priamum
625 1686 765 1753 conspexit
782 1686 900 1738 inerrnis.

112 1765 147 1818 Se
165 1781 273 1833 quoque
292 1763 456 1832 principibus
475 1763 642 1831 permixtum
660 1761 789 1829 adgnovit
808 1760 932 1830 Achivis,
965 1797 968 1803 -

111 1841 236 1910 lloasqne
254 1841 325 1894 acies
343 1843 372 1892 et
389 1839 460 1906 nigri
479 1838 632 1891 Memnonis
649 1855 731 1890 amna.

111 1917 195 1970 Ducit
215 1916 413 1970 Amazonidum
431 1915 533 1968 lunatis
551 1915 659 1982 agmina
676 1915 757 1983 peltis
927 1933 966 1972 sao

112 1993 285 2048 Penthesilea
301 1993 402 2060 furens,
422 1992 573 2059 mediisque
592 1991 619 2044 in
637 1991 747 2044 milibus
764 1991 851 2056 ardet

112 2071 205 2124 Aurea
224 2070 387 2123 subnectens
405 2073 530 2121 exsertae
548 2067 655 2135 cingula
673 2083 814 2132 mammae,

113 2145 252 2211 Bellatrix,
271 2146 409 2214 audetque
428 2145 491 2197 airis
509 2159 670 2197 concurrere
688 2145 771 2211 virgo.

148 2223 223 2275 Haec
242 2223 307 2274 dum
326 2220 465 2274 Dardanio
485 2222 595 2273 Aeneae
614 2220 739 2273 miranda
756 2220 890 2283 videntur,

112 2297 184 2350 llum
203 2301 303 2364 stupet,
322 2297 475 2365 obtutuque
493 2296 588 2348 haeret
605 2295 712 2348 delirus
730 2298 758 2349 in
774 2313 835 2364 niro,
926 2313 966 2352 aas

56 2375 84 2415 -'‘
112 2374 218 2441 Regina
235 2373 271 2426 ad
290 2373 429 2441 templum,
448 2374 536 2426 forma
553 2372 736 2441 pulcherrima
754 2373 833 2438 Dido,
882 2403 888 2416 ·

112 2451 236 2516 Incessit,
255 2466 353 2517 magna
371 2450 499 2503 iuvenum
517 2449 637 2516 stipante
656 2454 771 2503 caterva.

72 2550 92 2580 ·.
112 2526 204 2590 Qualis
222 2527 250 2578 in
269 2526 388 2580 Eurotae
406 2526 473 2594 ripis
491 2531 539 2580 aut
556 2542 606 2593 per
624 2526 688 2594 iuga
699 2524 807 2592 'Cynthi

112 2602 229 2656 Exercet
248 2602 335 2656 Diana
352 2603 455 2656 choros.
474 2619 557 2670 quam
574 2603 648 2656 mille
667 2605 777 2655 secutae
926 2618 965 2660 sae

113 2679 184 2731 Hinc
202 2682 285 2747 atque
298 2679 360 2732 hinc
372 2679 558 2746 glomerantur
572 2677 709 2741 Oreades3
722 2677 767 2730 illa
779 2677 936 2745 pharetram

113 2755 180 2809 Fert
197 2753 318 2819 humero,
336 2755 520 2824 gradiensque
538 2753 604 2807 deas
623 2755 807 2822 supereminet
825 2753 924 2806 omnis:

112 2830 233 2884 Latonae
251 2830 364 2882 tacitum
383 2834 571 2900 pertemptant
588 2830 689 2898 gandia
706 2836 841 2930 pectus7<

112 2907 185 2960 Talis
203 2909 262 2958 erat
281 2905 359 2971 Dido,
377 2907 460 2958 talem
479 2924 508 2958 se
526 2906 599 2959 laeta
616 2906 723 2959 serebat

113 2980 167 3034 Per
184 2979 294 3042 medios,
312 2980 417 3032 instans
436 2980 512 3047 operi
530 2981 674 3045 regnisque
692 2980 798 3033 futuris.

113 3053 181 3103 'lum
199 3052 302 3105 foribus
321 3055 406 3118 (lirae,
425 3055 516 3106 media
535 3053 674 3106 testudine
692 3054 794 3120 templi,
926 3071 964 3112 see

114 3125 214 3190 Saepta
231 3128 320 3191 armis,
338 3129 460 3195 solioque
478 3129 534 3180 alte
552 3127 667 3179 subnixa
684 3129 794 3182 resedit.
1061 3117 1063 3130 ⁴

116 3195 181 3249 Iura
199 3197 282 3251 dabat
299 3199 430 3270 legesque
447 3201 522 3270 viris²
539 3216 706 3269 operumque
724 3202 846 3258 lahorem
