2172 3506
92 163 138 212 288
318 163 346 210 P.
367 161 520 210 veneral
536 158 703 208 Maeonis

92 242 153 296 Hoc
170 248 263 296 tamen
280 241 377 294 infelix
395 241 521 295 miseram
539 239 663 295 solabere
681 244 810 295 mortem:

92 321 202 372 Aeneae
220 317 312 385 uiagni
331 317 430 372 dextra
447 319 529 372 cadis.
566 319 696 386 Increpat
713 317 786 370 ultro
903 331 943 370 sao

91 395 251 449 Cunctantis
270 397 363 463 socios,
381 399 410 449 et
427 399 503 450 terra
521 395 645 449 sublevat
663 395 758 463 ipsum,

91 473 227 539 Sanguine
245 476 402 540 turpantem
420 478 543 541 comptos
561 472 596 525 de
614 489 690 525 more
707 471 823 540 capillos.

125 548 237 602 Interea
253 549 361 616 genitor
379 548 498 602 Tiberini
516 549 552 602 ad
570 549 688 602 fluminis
706 549 806 600 undam

92 624 210 678 Volnera
228 623 346 679 siccabat
363 625 488 696 lymphis,
506 641 659 694 corpusque
676 625 784 679 levabat

92 701 208 755 Arboris
226 701 340 755 adclinis
357 706 460 755 trunco.
498 702 596 756 Procul
615 719 696 755 aerea
707 703 788 754 ranus

91 777 237 845 Dependet
254 779 339 846 galea,
357 783 386 833 et
404 784 483 848 prato
500 779 594 847 gravia
611 795 687 832 arma
705 778 855 846 quiescunt.

92 857 172 907 Stant
189 855 254 908 lecti
273 856 376 909 circum
393 857 520 920 iuvenem
543 856 602 924 ipse
619 871 708 923 aeger,
727 854 862 918 anhelans,

92 929 167 983 Colla
185 931 266 998 fovet,
284 932 361 985 fusus
378 949 528 1001 propexam
545 933 574 984 in
591 936 701 1001 pectore
719 930 845 993 barbam,-

92 1006 180 1060 Multa
198 1025 279 1076 super
298 1008 388 1062 Lauso
406 1009 515 1076 regitat,
541 1008 696 1076 multosque
713 1007 836 1068 remittit,

93 1083 144 1147 Qui
163 1089 298 1151 revocent,
316 1086 468 1153 maestique
486 1085 576 1138 ferant
593 1084 723 1138 mandata
739 1084 868 1152 parentis
903 1097 945 1135 eso

94 1162 133 1213 At
152 1161 270 1214 Lausum
290 1161 355 1214 socii
373 1161 525 1215 exanimem
544 1177 626 1229 super
643 1177 719 1214 arma
736 1159 862 1213 ferebant

95 1236 213 1302 Flentes,
232 1238 369 1305 ingentem
387 1241 471 1307 atque
487 1237 592 1305 ingenti
610 1227 719 1290 v'olnere
737 1237 843 1290 vietum.

94 1313 233 1380 Adgnovit
251 1313 330 1382 longe
348 1316 480 1382 gemitum
499 1330 631 1382 praesaga
649 1313 711 1366 niali
730 1329 812 1366 mens

94 1389 227 1442 Canitiem
245 1391 331 1443 umlto
350 1390 485 1443 deformat
502 1389 621 1458 pulvere,
640 1394 670 1443 et
688 1389 781 1442 ambas

93 1464 140 1517 A'd
157 1465 262 1518 eaelum
281 1466 371 1519 tendit
389 1467 499 1533 palmas,
520 1471 549 1519 et
566 1482 681 1534 corpore
698 1464 830 1519 inhaeret.
906 1481 946 1518 sss

93 1540 214 1594 'l'autane
232 1558 275 1594 me
294 1544 383 1594 tenuit
401 1541 517 1598 vivendi.
536 1547 607 1604 nate,
625 1541 756 1609 voluptas,

94 1616 133 1668 Ut
149 1632 199 1684 pro
217 1633 260 1669 me
278 1617 369 1670 hostili
388 1622 498 1684 quateret·
515 1617 660 1671 succedere
678 1617 799 1684 dextrae,

94 1693 180 1756 Qirem
198 1693 296 1759 genuil
322 1692 413 1746 Tuane
431 1693 497 1746 haec
515 1695 622 1761 genitor
641 1710 690 1762 per
708 1694 817 1746 volnera
834 1709 938 1755 serior,

94 1768 185 1821 Morte
203 1773 251 1842 tun
269 1769 381 1823 vivens‘l
407 1769 478 1836 Heu,
497 1786 568 1822 nune
586 1771 685 1823 misero
704 1770 769 1822 mihi
788 1769 897 1822 demum

97 1845 225 1897 llxsilium
243 1844 351 1899 infelix!
370 1862 441 1898 nuno
459 1845 516 1899 alte
534 1845 629 1899 volnus
647 1846 788 1899 adactum!
907 1860 946 1897 aso

98 1921 174 1973 ldem
191 1938 250 1988 ego,
267 1926 340 1988 nate,
359 1925 437 1974 tuum
455 1921 587 1975 maculavi
604 1923 716 1975 crimine
733 1937 838 1988 nomen,

96 1996 191 2049 Pulsus
209 1996 245 2049 ob
262 1997 394 2051 iuvidiam
412 1997 478 2050 solio
498 1999 669 2066 sceptrisque
687 1998 815 2066 paternis.

96 2071 249 2126 Debueram
267 2074 374 2142 patriae
391 2090 494 2142 poenas
512 2073 638 2142 odiisque
655 2089 790 2127 meorum:
859 2132 862 2141 ¹

94 2148 189 2201 Omnis
205 2166 255 2217 per
272 2151 368 2204 mortis
386 2150 503 2203 animam
521 2154 628 2203 sontem
645 2151 704 2218 ipse
722 2149 872 2205 draiissemi

94 2225 119 2276 N
123 2242 173 2278 une
185 2226 254 2293 vivo,
267 2243 356 2294 neque
368 2226 457 2279 adhue
469 2225 592 2279 homines
604 2227 747 2294 lucemque
759 2227 890 2294 relinquo.
908 2243 947 2282 ses

94 2300 149 2354 Sed
167 2301 297 2367 linquam.
324 2302 409 2354 Simul
427 2302 478 2355 hoa
496 2301 589 2356 dicens
607 2302 710 2356 attollit
726 2304 754 2355 in
772 2319 885 2370 aegrum

94 2377 129 2430 Se
147 2377 243 2442 femur,
262 2381 298 2443 et,
319 2393 484 2446 quamquain
501 2379 542 2432 vis
560 2379 617 2433 alto
635 2378 743 2432 volnere
761 2379 861 2443 tardat,

97 2451 178 2505 llaud
197 2451 318 2506 deiectus
337 2470 437 2520 equum
456 2455 517 2508 duci
535 2455 621 2510 iubet.
647 2457 708 2509 Hoc
725 2455 808 2509 decus
826 2456 872 2520 illi,

95 2529 155 2582 lloe
173 2529 292 2582 solamen
311 2534 385 2594 erat;
403 2530 482 2584 bellis
499 2531 551 2584 hoc
569 2533 656 2586 victui·
673 2532 767 2586 abibat

94 2605 233 2659 Omnibus
260 2607 428 2675 Adloquitur
446 2613 622 2675 maerentem,
641 2613 670 2662 et
687 2607 792 2662 talibus'
806 2609 880 2663 iniit:
908 2624 947 2662 seo

95 2680 214 2749 Rhaebc,
233 2682 288 2748 diu,
307 2683 391 2736 nessi
411 2699 464 2751 qua
483 2683 531 2738 diu
548 2683 709 2736 mortalibus
727 2684 784 2737 ulla
801 2689 850 2751 est,

96 2757 228 2811 Viximus,
261 2762 320 2812 Aut
338 2759 420 2813 hodie
438 2761 525 2814 victor
543 2761 629 2828 spolia
646 2761 693 2813 illa
710 2765 822 2814 omenta

95 2833 131 2886 Et
148 2839 230 2902 caput
252 2838 360 2888 Aeneae
378 2837 487 2902 referes,
506 2837 642 2904 Lausique
661 2836 784 2890 dolorum

94 2908 176 2961 Ultor
193 2911 247 2962 eris
265 2927 378 2977 mecum,
397 2917 452 2978 aut,
471 2914 560 2981 aperit
578 2914 600 2966 si
619 2914 692 2966 nulla
710 2914 780 2967 viam
798 2913 845 2977 vis,

94 2981 246 3036 Ocoumbes
262 2987 382 3052 pariter;
404 2991 591 3055 nequeenim,
610 2991 763 3058 fortissime,
781 2989 873 3057 oredo,
909 3003 944 3044 suo

95 3053 173 3108 Iussa
191 3059 279 3112 aliena
297 3062 355 3128 pati
374 3065 403 3115 et
421 3063 544 3116 dominos
562 3065 710 3132 dignabere
728 3065 852 3119 Teucros

94 3127 180 3193 Dixit,
199 3136 228 3184 et
246 3139 377 3202 exceptus
395 3141 473 3204 tergo
491 3147 620 3193 consueta
638 3141 736 3194 locavit

6 3217 55 3240 ¹·—
94 3197 226 3270 Membra,
244 3223 395 3276 manusque
413 3212 507 3264 arabas
526 3213 618 3268 iaculis
636 3217 760 3270 oneravit
778 3218 874 3284 nentis,
