2174 3502
360 147 542 195 AENEIDOS
565 146 633 196 LIB.
656 147 737 197 VIII.
929 150 974 196 235

120 229 293 297 Ingrediens,
311 229 440 294 varioque
459 228 529 280 viam
547 244 671 280 sermone
689 228 804 283 levabat.

118 307 242 360 Miratur
260 303 400 372 fircilisque
419 304 510 358 oeulos
528 305 584 357 sert
601 305 690 358 omnia
709 306 808 358 circum
940 319 974 358 no

120 386 240 446 Aeneas,
260 381 421 448 capiturque
438 381 510 447 loeis,
530 385 559 435 et
577 381 683 448 singula
702 381 789 434 lactus

118 459 303 528 Exquiritque
322 456 454 524 auditque
474 457 562 510 virum
581 462 758 510 monumenta
776 457 907 525 priorum.

119 535 190 588 Tum
208 551 258 587 rex
278 533 422 586 Euandrus
442 533 580 587 Romanae
599 533 723 586 conditor
741 534 824 586 areis:

118 612 200 664 Haec
217 627 329 664 nemora
346 609 492 676 indigenae
512 609 597 662 Fauni
617 608 815 678 Nymphaeque
834 607 973 676 tenebant,

118 687 251 756 Gensque
268 687 355 738 virum
374 671 479 739 timidis
498 690 526 740 et
545 686 614 739 duro
633 685 731 739 robore
749 690 821 751 nata,
938 700 974 737 315

119 765 189 827 (Quis
205 780 294 831 neque
310 779 369 815 mos
385 779 475 830 neque
492 763 580 816 cultus
595 766 662 830 erat,
680 779 729 816 nec
744 763 857 829 iungere
871 764 973 826 tames,

119 843 182 904 Aut
200 855 352 908 conponere
370 855 435 906 opes
454 843 558 903 norant,
577 843 625 892 aut
642 855 755 907 parcere
773 841 858 906 parto,

119 916 176 970 Sed
195 916 264 969 rami
281 919 363 984 atque
382 931 462 983 asper
479 916 552 968 rictu
571 919 684 968 renatus
702 915 798 968 alebat.

119 993 231 1045 Primus
248 991 283 1044 ab
301 992 424 1044 aetherio
442 992 517 1044 venit
535 993 668 1045 Saturnus
686 991 808 1060 Olympo,

119 1071 210 1122 Arma
229 1068 302 1120 lovis
320 1068 426 1136 fuglens
445 1071 474 1120 et
491 1069 581 1134 regnis
599 1068 676 1120 exsul
695 1068 835 1135 ademptis.
936 1081 973 1120 aaa

121 1145 150 1196 Is
169 1161 256 1211 genus
273 1143 388 1196 indocile
406 1159 437 1196 ac
457 1143 610 1211 dispersum
628 1143 765 1197 mentibus
783 1143 845 1195 allis

120 1220 277 1288 Conposuit,
296 1220 426 1287 legesque
445 1220 529 1286 dedit,
550 1220 714 1288 Latiumque
733 1220 822 1272 vocari

119 1303 228 1369 Maluit,
247 1303 288 1355 his
308 1303 434 1371 quoniam
453 1302 579 1356 latuisset
597 1306 674 1355 tutus
692 1304 720 1354 in
739 1302 799 1354 oris.

119 1381 217 1432 Aurea
235 1396 305 1447 quac
322 1379 475 1446 perhibent,
493 1379 538 1431 illo
558 1378 608 1431 snb
627 1395 692 1446 rege
711 1379 787 1430 fuere

119 1455 246 1509 Saecula:
269 1457 306 1508 sic
323 1455 431 1523 placida
448 1455 561 1523 populos
580 1456 607 1507 in
626 1471 692 1522 pace
710 1453 838 1521 regebnt3
936 1467 972 1506 aaa

118 1531 251 1583 Deterior
269 1532 354 1583 donee
373 1531 502 1598 paulatim
521 1548 552 1584 ae
571 1531 680 1584 decolor
699 1535 774 1584 aetas

118 1608 157 1661 nt
175 1607 240 1660 belli
260 1607 348 1660 rabies
367 1611 395 1660 et
413 1624 489 1659 amor
507 1609 635 1661 suecessit
654 1607 780 1660 habendi.

118 1685 190 1738 Tum
208 1699 304 1737 manus
324 1684 444 1736 Ausonia
463 1688 492 1736 et
509 1688 606 1750 gentes
625 1701 722 1738 venere
743 1685 862 1749 Sicanae,

118 1761 234 1828 Saepius
253 1763 281 1813 et
299 1777 396 1813 nomen
415 1760 507 1828 posuit
527 1760 654 1814 Saturnia
672 1761 767 1824 tellus;

118 1836 188 1889 Tum
208 1853 286 1902 reges
304 1853 437 1904 asperque
455 1837 555 1888 inmani
574 1853 687 1906 corpore
706 1837 826 1904 Thybris,
935 1847 971 1886 aaa

118 1914 147 1964 Λ
168 1929 222 1980 quo
238 1916 302 1981 post
322 1912 385 1964 ltali
403 1912 513 1965 lltn'ium
532 1914 690 1980 cognomine
709 1912 836 1979 Thybrim

119 1988 261 2052 Diximus3
283 1989 373 2041 amisit
391 2006 485 2041 verum
504 1994 581 2042 vetus
602 1989 702 2042 hlbula
719 2005 823 2040 nomen.

118 2064 168 2116 Me
186 2065 292 2132 pulsum
312 2065 401 2132 patria
418 2064 563 2133 pelagique
582 2069 706 2118 extrema
724 2067 883 2131 sequentem

118 2140 244 2193 Fortuna
262 2141 433 2208 onmipotens
453 2145 481 2193 et
500 2141 672 2194 ineluctabile
692 2141 776 2192 satum

118 2217 174 2270 His
192 2234 308 2284 posuere
320 2207 398 2282 tans,
417 2217 568 2284 matrisque
587 2234 668 2285 egere
688 2216 830 2270 tremenda
933 2230 970 2270 335

119 2293 274 2346 Carmentis
294 2293 436 2361 Nymphae
454 2294 557 2346 monita
576 2298 604 2347 et
623 2293 691 2346 deus
709 2297 803 2345 auctor
824 2293 928 2360 Apollo.

118 2369 174 2422 Vix
193 2387 226 2424 ea
244 2369 337 2423 dietaz'
352 2370 448 2423 dehinc
466 2387 627 2438 progressus
644 2374 780 2422 monstrat
798 2373 827 2421 ct
844 2385 919 2422 aram

120 2446 157 2498 Et
176 2446 375 2500 Carmentalem
398 2447 513 2499 Romani
532 2448 638 2500 nominc
656 2451 762 2512 portam

120 2522 208 2586 Quam
218 2529 377 2586 memorant,
391 2523 531 2590 Nymphae
540 2523 660 2590 priscum
671 2521 823 2574 Carmentis
833 2521 969 2588 honorem,

118 2596 200 2651 Vatis
218 2598 353 2664 fatidicae,
373 2600 471 2650 cecinit
490 2615 560 2666 quae
578 2600 665 2666 prima
684 2597 789 2650 futuros
933 2610 970 2649 ato

120 2674 266 2727 Aeneadas
284 2691 397 2742 magnos
416 2679 444 2728 et
463 2675 551 2728 nobile
572 2675 740 2726 Pallanteum

120 2749 193 2803 Hinc
211 2751 301 2803 lucum
320 2751 466 2818 ingentem,
485 2767 565 2820 quem
587 2750 717 2802 Romulus
734 2767 797 2803 acer
816 2747 929 2814 Asylum

120 2825 242 2880 ltcttulit
260 2831 287 2880 et
307 2827 398 2894 gelida
416 2830 550 2880 monstrat
569 2827 619 2879 sub
638 2843 706 2893 rupe
726 2824 866 2894 Lupercal,

120 2901 266 2956 Parrhasio
285 2903 387 2955 dietum
408 2905 495 2956 Panos
514 2904 548 2956 de
567 2921 642 2955 more
661 2902 764 2970 Lycaei.

120 2977 178 3032 Nee
197 2997 251 3032 non
270 2984 298 3033 et
317 2980 384 3033 sacri
402 2984 538 3033 monstrat
555 2996 650 3033 nemus
670 2977 795 3044 Argileti,
933 2987 969 3026 aa

121 3055 303 3124 Testaturque
320 3056 416 3122 locum,
435 3061 463 3109 et
481 3057 566 3110 letum
586 3056 666 3108 docet
683 3051 798 3120 hospitis
818 3049 894 3116 Argi.

121 3132 194 3185 Iliae
212 3133 248 3186 ad
267 3132 408 3200 Tarpeiam
427 3133 567 3186 sedem-ct
587 3128 722 3196 Capitolia
740 3125 823 3188 ducit,

121 3208 216 3261 Aurea
233 3225 312 3272 nune,
331 3208 395 3261 olim
414 3208 584 3262 silvestribus
602 3203 712 3255 horrida
731 3201 827 3253 dumis.

185 3281 213 3324 le
232 3313 235 3320 ,
