2174 3502
351 147 534 197 Arretinos
551 150 617 197 LIB.
638 150 688 199 IX.
905 155 954 206 257

103 230 264 286 Conclamat
282 230 380 284 Nisus:
405 246 455 284 nee
472 247 502 284 so
520 230 610 283 celare
627 230 751 284 tenebris
916 251 953 291 ω

103 305 241 374 Amplius,
259 308 308 358 aut
325 307 434 357 tantum
451 305 544 372 potuit
561 305 685 374 perferre
703 307 837 365 dolorem:

103 381 158 448 Me,
179 396 231 447 me,
248 380 355 448 adsum,
372 380 420 448 qui
438 379 498 448 feci,
516 379 544 434 iu
561 396 606 434 me
623 384 774 438 convertite
792 385 903 454 ferrum,

103 457 126 510 0
147 457 260 510 Rutuli!
285 473 348 508 mea
365 455 440 509 fraus
457 455 559 522 omnis;
582 457 649 511 nihil
668 458 721 512 iste
738 476 789 513 neo
806 477 895 530 ausus,

102 533 128 586 N
131 551 164 586 ec
182 533 288 601 potuit;
311 532 416 586 caelum
433 532 485 586 hoo
503 536 532 586 et
550 534 656 588 conseia
673 535 765 588 sidera
782 540 884 604 testor;

101 609 223 662 Tantum
240 608 376 662 infelicem
394 608 508 661 nimium'
527 608 627 663 dilexit
644 611 767 665 amicum.
918 628 954 668 aso

101 685 180 738 ‘iulia
198 684 273 738 diota
290 683 391 748 dabat;
414 683 465 738 sed
481 684 586 738 viribus
604 686 677 739 ensis
695 687 809 742 adactus

102 759 261 813 Transabiit
277 763 366 813 costas
385 763 414 813 et
431 759 547 814 madida
563 765 676 829 pectora
692 765 804 833 rumpit.

105 835 233 888 Volvitur
252 835 384 902 Euryalus
402 835 465 901 leto,
484 836 666 904 pulchrosque
682 855 734 908 per
750 845 826 895 artus

103 911 133 966 It
149 928 237 978 cruor,
256 911 338 979 inque
355 911 483 965 humeros
500 912 592 966 cervix
609 913 736 983 conlapsa
753 917 901 972 recumbit:

64 985 270 1075 ſsPurpurous‘
281 986 366 1040 veluti
384 1003 446 1040 oum
464 987 513 1041 ilos
532 988 650 1043 succisus
669 996 760 1044 aratro
917 1010 953 1047 ase

103 1063 270 1131 languescit
287 1063 411 1128 moriens,
428 1063 534 1116 lassove
551 1079 688 1132 papavera
705 1067 773 1121 collo

102 1139 247 1192 Demisere
265 1143 355 1207 eaput,
373 1139 465 1207 pluvia
482 1155 544 1193 cum
561 1141 633 1194 forte
650 1148 827 1209 gravantur„

103 1219 144 1268 At
163 1215 247 1268 Nisus
264 1215 321 1268 ruit
339 1215 367 1268 in
385 1215 497 1283 medios,
516 1215 657 1285 solumque
675 1235 725 1286 per
742 1222 829 1273 omnis

102 1290 279 1344 Volscentem
297 1291 383 1359 petit;
406 1296 434 1344 in
453 1292 510 1345 solo
530 1290 677 1346 Volscente
695 1299 823 1348 moratur.

103 1368 191 1432 Quem
216 1367 316 1420 circum
340 1367 484 1435 glomerati
507 1367 600 1421 hostes
623 1367 684 1422 hino
700 1371 851 1425 comminus
869 1380 953 1442 atquo

172 1442 236 1496 hino
916 1464 953 1501 ero

103 1518 280 1572 Proturbant.
319 1519 410 1572 Instat
426 1533 479 1572 non
498 1517 591 1583 setius,
610 1535 641 1572 ao
658 1522 733 1572 rotat
749 1536 841 1575 ensem

103 1593 286 1661 Fulmineum,
305 1593 392 1647 donec
412 1593 506 1647 Rutuli
526 1593 669 1648 clamantis
687 1595 715 1648 in
733 1611 780 1649 ore

103 1669 236 1723 Condidit
253 1669 375 1737 adverso,
394 1674 423 1723 et
441 1669 559 1723 moriens
576 1669 694 1724 animam
712 1671 826 1727 abstulit
844 1675 923 1731 hosti.

103 1745 171 1799 'l'um
191 1762 273 1814 super
291 1745 445 1798 exanimum
464 1761 524 1798 sese
541 1746 657 1813 proiecit
675 1747 791 1800 amioum

103 1821 257 1887 Confessus,
275 1821 437 1889 placidaque
454 1820 493 1874 ibi
512 1820 622 1874 demum
640 1825 728 1876 morte
746 1826 858 1892 quievit.
917 1841 953 1881 aaa

138 1897 284 1952 Fortunati
302 1897 396 1951 ambo!
419 1899 442 1950 si
461 1897 528 1966 quid
546 1913 606 1950 mea
624 1899 745 1952 earmina
761 1900 882 1970 possunt,

1 2007 2 2014 κ
102 1973 188 2027 Nulla
206 1973 266 2026 dies
283 1990 413 2042 umquam
431 1974 545 2026 memori
564 1989 611 2026 vos
629 1974 733 2028 eximet
750 1991 823 2043 aevo,

1 2063 2 2066 ’
102 2050 176 2103 Dum
195 2049 292 2103 domus
312 2052 423 2104 Aeneae
442 2049 558 2118 Capitoli
577 2050 707 2103 inmobile
725 2067 820 2105 saxum

1 2171 2 2176 ,
102 2127 226 2190 Accolet,
244 2126 434 2194 inperiumque
452 2130 532 2194 pater
551 2125 690 2178 Romanus
707 2124 827 2181 habebit.

136 2203 266 2256 Victores
283 2202 387 2271 praeda
406 2201 502 2256 Rutuli
520 2202 667 2270 spoliisque
684 2203 774 2270 potiti,
916 2223 953 2261 450

101 2278 278 2333 Volscentem
297 2280 451 2332 exanimum
469 2279 568 2332 flentes
586 2278 614 2330 in
632 2283 723 2332 castra
739 2278 875 2337 ferebant.

2 2403 3 2406 ,
100 2355 127 2409 N
129 2372 161 2410 ec
178 2357 267 2409 annor
284 2355 313 2408 in
330 2355 427 2410 castris
446 2355 536 2410 luctus
555 2353 711 2408 Rhamnete
728 2362 839 2424 reperto

2 2489 3 2504 i
100 2431 243 2500 Exsaugui
261 2438 290 2486 et
307 2429 402 2500 primis
420 2435 535 2485 unslet
553 2430 638 2484 caede
655 2434 814 2502 peremptis,

2 2539 3 2548 κ
100 2507 273 2576 Serranoque
291 2507 445 2576 Numaque.
482 2507 584 2574 ingens
603 2523 748 2560 concursus
765 2510 801 2562 ad
820 2511 879 2579 ipsu

2 2605 3 2608 ¹
101 2583 223 2652 Corpora
241 2584 439 2652 seminecisque
457 2583 529 2637 viros
547 2582 696 2652 tepidaque
714 2595 851 2639 recentem
917 2603 952 2642 aas

3 2667 5 2676 '
100 2659 193 2714 Caede
212 2660 300 2713 locum
317 2664 347 2714 et
364 2660 458 2727 plenos
477 2659 614 2727 spumanti
634 2664 762 2726 sanguine
780 2661 859 2716 rivos.

101 2736 283 2803 Adgnoscunt
302 2737 387 2804 spolia
405 2736 478 2790 inter
497 2751 526 2788 se
544 2735 705 2804 galeamque
723 2737 858 2791 nitentem

3 2849 4 2852 κ
98 2810 221 2880 Messapi
238 2816 267 2866 et
285 2813 371 2866 multo
389 2812 514 2880 phaleras
532 2810 632 2864 sudore
650 2817 782 2882 receptas.

134 2889 173 2941 Et
189 2889 244 2941 iam
261 2889 350 2957 prima
367 2905 436 2941 novo
454 2888 603 2956 spargebat
620 2888 722 2943 lumine
740 2894 829 2946 terras

94 2963 210 3025 Tithoni
227 2981 352 3018 croceum
370 2964 494 3033 linquens
514 2965 623 3017 Aurora
640 2964 742 3020 cubile:
915 2982 951 3022 coo

99 3040 161 3094 Iani
179 3040 235 3094 sole
253 3040 349 3108 infuso,
368 3043 422 3094 iam
440 3039 523 3094 rebus
541 3039 601 3094 luce
619 3043 739 3108 retectis,

98 3116 207 3170 Turnus
224 3117 252 3169 in
271 3134 347 3170 anua
364 3117 446 3184 viros,
464 3116 548 3170 armis
566 3115 749 3169 circumdatus
767 3120 833 3186 ipse,

97 3192 228 3260 Suscitat,
246 3196 410 3260 aeratasque
428 3192 502 3245 acies
519 3192 546 3243 iu
564 3189 669 3257 proelia
686 3191 760 3257 cogit
