2152 3506
103 133 132 183 711
329 135 358 182 P.
378 133 534 180 VERGILI
555 131 721 180 MARONIS

102 211 199 281 Eripe;
217 230 269 265 nun
289 214 342 267 illis
360 215 504 283 quisquam
523 212 713 268 cunctantibus
731 211 816 266 altum

102 288 148 341 Iro
166 289 219 341 iter
238 293 285 341 aut
304 290 400 342 castris
419 289 531 342 audebit
550 289 650 341 vellere
669 289 752 354 siqua

102 365 223 418 Invitent
241 365 341 417 croceis
359 353 609 418 halantesssoribus
628 364 708 428 hcrti,

101 439 138 493 Et
156 445 246 494 custos
264 441 353 493 furum
373 447 455 509 atquc
474 442 562 493 avium
581 458 641 493 cum
660 440 729 492 falce
747 437 850 503 saligna
927 455 967 492 ue

103 516 315 583 Hellespontiaci
334 522 425 569 scrvct
444 516 531 569 tutela
550 516 648 584 Priapi.

103 592 166 660 Ipse
183 592 306 660 thymum
324 594 457 661 pinosque
475 593 565 646 ferens
584 592 620 646 dc
638 592 777 646 montibus
794 590 857 644 altis

102 668 185 721 Tecta
203 673 277 722 serat
295 669 351 723 late
369 669 478 735 circum,
496 669 538 721 cui
556 669 622 721 talia
639 686 735 732 curam

103 745 167 814 lpse
184 744 278 799 labore
295 762 405 798 manum
424 743 493 797 duro
511 747 593 811 terat,
611 746 669 812 ipsc
687 744 784 796 feracis

103 821 183 888 Figat
200 821 282 874 humo
300 821 407 890 plantas
425 825 454 874 et
472 819 571 874 amicos
588 821 689 887 inriget
707 818 810 872 imbris.
923 832 966 871 11⁵

89 893 109 966 d
138 899 231 964 Atque
249 897 384 965 equidem,
402 902 526 950 extreme
543 897 571 948 ni
590 895 643 948 iam
662 895 713 948 sub
730 894 784 946 fine
802 893 930 947 laborum

103 972 173 1025 Vela
190 972 296 1025 traham
315 977 344 1026 et
361 973 444 1026 terris
462 973 587 1026 festinem
606 971 750 1024 advertere
768 985 886 1038 proram,

104 1048 228 1101 Forsitan
246 1052 283 1114 ot,
301 1049 408 1117 pinguis
425 1048 519 1100 hortos
538 1065 608 1116 quae
625 1064 690 1100 cura
708 1043 813 1099 colendi

103 1125 228 1188 Ornaret,
246 1141 378 1188 canerem,
396 1123 531 1192 biferique
549 1124 651 1176 rosaria
671 1121 770 1188 Paesti,

104 1199 217 1267 Quoquo
235 1199 315 1252 modo
333 1201 405 1268 potis
423 1198 575 1266 gauderent
593 1199 679 1252 intiba
696 1198 760 1252 rivis
922 1209 964 1248 lau

104 1277 140 1328 Et
157 1275 260 1328 virides
278 1277 338 1344 apio
356 1277 438 1344 ripae,
458 1279 603 1343 tortusque
621 1291 670 1342 per
687 1273 799 1327 herbam

104 1353 246 1406 Crescerct
264 1353 292 1404 iu
311 1356 433 1405 ventrem
453 1352 586 1416 cucumis;
604 1368 653 1403 nec
672 1367 733 1403 sera
750 1350 903 1424 comantem

104 1428 259 1480 Narcissum
278 1433 326 1481 aut
344 1428 408 1480 flexi
427 1427 571 1480 tacuissem
589 1428 683 1479 vimen
698 1425 805 1480 acanthi

105 1503 289 1570 Pallentisque
306 1504 422 1557 hederas
441 1507 469 1556 ct
488 1503 603 1556 amantis
621 1503 701 1555 litora
719 1504 828 1570 myrtos.

104 1578 228 1645 Namque
248 1579 297 1631 sub
317 1579 444 1632 Oebaliae
462 1579 573 1632 memini
591 1595 635 1631 me
653 1577 774 1632 turribus
791 1574 861 1642 altis,
921 1586 961 1627 m

104 1655 163 1718 Qua
180 1655 257 1721 nigor
276 1656 415 1707 humectat
433 1654 561 1707 flaventia
579 1655 652 1708 culta
671 1654 810 1720 Galaesus,

104 1730 244 1796 Corycium
263 1730 363 1782 vidisse
383 1747 482 1799 senem,
501 1732 544 1783 cui
563 1747 650 1800 pauca
668 1730 755 1783 relicti

105 1803 206 1872 Iugera
225 1807 296 1859 ruris
315 1810 399 1872 orant,
419 1823 470 1859 uec
487 1807 584 1859 fertilis
602 1806 649 1858 illa
667 1806 792 1873 iuvencis,

105 1882 162 1934 Nec
180 1884 271 1950 pecori
289 1887 441 1951 opportuna
459 1899 543 1951 seges,
563 1875 772 1935 ucc”commoda
790 1879 904 1934 Baccho-

106 1959 158 2011 llic
175 1975 267 2011 rarum
286 1963 376 2012 tamen
395 1959 422 2010 in
441 1959 531 2012 dumis
549 1958 608 2010 olus
626 1957 741 2025 albaque
759 1957 859 2010 circum
922 1971 962 2010 lae

105 2034 172 2087 Lilia
189 2035 376 2104 verbenasque
394 2049 520 2102 premens
538 2031 701 2102 vescumque
720 2049 845 2101 papaver,

105 2109 209 2177 Regum
229 2112 365 2181 aequabat
383 2127 448 2179 opes
467 2111 570 2178 animis,
591 2127 705 2177 seraque
724 2113 864 2162 revertens

105 2186 191 2240 Nocte
209 2187 319 2239 demum
339 2185 455 2254 dapibus
473 2203 580 2239 mensas
599 2186 730 2239 onerabat
747 2185 881 2253 inemptis.

106 2261 211 2314 Primus
229 2279 293 2314 vere
311 2277 400 2314 rosam
419 2265 502 2329 atque
520 2266 650 2315 autumno
667 2277 778 2328 carpere
795 2276 883 2329 poma,

105 2337 219 2390 Et-cum
237 2338 326 2390 tristis
344 2337 449 2405 hiemps
468 2337 615 2390 etiamnum
634 2337 735 2406 frigore
753 2353 818 2389 saxa
925 2351 961 2387 ms

105 2412 256 2480 ltumperet
275 2417 303 2466 et
320 2413 407 2480 glacie
425 2429 519 2465 cursus
538 2414 659 2467 frenaret
678 2429 817 2481 aquarum,

106 2489 156 2541 tlle
174 2505 278 2541 ceruam
297 2488 385 2542 mollis
404 2490 457 2542 iam
476 2488 609 2542 tondebat
628 2489 772 2557 hyacinthi,

107 2566 249 2617 Aestatem
267 2566 432 2634 increpitans
451 2582 539 2619 seram
559 2565 744 2634 zephyrosque
764 2565 901 2616 morantis.

108 2640 177 2707 ltrgo
194 2641 292 2708 apibus
310 2642 371 2694 ietis
389 2642 463 2695 idem
482 2646 565 2710 atque
584 2643 707 2694 cuauriuo
727 2641 814 2692 multo

108 2716 213 2768 l’rimus
232 2716 372 2770 abundare
391 2723 419 2771 et
438 2719 592 2786 spumantia
610 2735 706 2784 cogere
724 2715 824 2784 pressis
924 2727 960 2767 lte

106 2791 188 2844 iiclla
205 2792 288 2857 favis3
304 2793 343 2845 illi
361 2795 437 2847 tiliae
458 2798 541 2862 atque
559 2795 697 2848 uberrima
714 2793 808 2861 pinus;
847 2845 852 2854 ,

106 2868 231 2938 Quotque
250 2869 278 2920 in
297 2868 363 2922 floro
383 2886 450 2922 nevo
470 2871 556 2938 pomis
575 2887 604 2922 so
623 2868 721 2923 fertilis
738 2867 819 2921 arbes

107 2942 246 3010 Induerat,
265 2943 381 2996 totidem
401 2949 530 2996 autumno
549 2949 656 3014 matura
675 2941 793 2996 tenebat.

107 3016 158 3068 ille
175 3019 257 3071 etiam
276 3035 350 3071 seras
367 3019 396 3070 iu
414 3036 522 3072 versum
544 3020 652 3104 distulit
670 3019 757 3070 ulmos

108 3089 282 3161 Eduramque
299 3094 388 3160 pirum
407 3098 435 3146 et
453 3095 545 3160 spinos
563 3110 616 3144 ram
636 3109 721 3159 pruna
740 3093 853 3147 ferentis
924 3109 960 3148 111

107 3162 221 3232 lamque
239 3167 441 3221 ministrantem
460 3157 600 3235 platanum
619 3166 776 3233 potantibus
793 3167 935 3264 umbras*
969 3171 1015 3250 μ
