2152 3506
133 150 163 196 92
370 143 399 188 P.
419 139 572 188 VERGILI
591 139 757 186 MARONIS

133 225 222 290 l'orge
239 222 327 288 modo,
346 226 430 290 atque
449 221 511 273 hinc
529 224 558 273 te
576 219 687 287 reginae
705 218 742 272 ad
759 219 853 274 limina
870 223 982 290 perfer.

132 300 257 366 Namque
276 298 326 352 tibi
345 298 459 351 reduces
478 297 564 350 socios
582 296 752 366 classemque
769 297 887 352 relatam
959 314 1000 354 seo

133 376 236 428 Nuntio
255 379 283 428 ot
301 375 328 427 in
347 378 438 428 tutum
457 373 543 428 versis
562 373 735 441 aquilonibus
753 377 851 440 actam,

88 457 100 526 J
133 451 169 505 Ni
187 453 289 506 iruetm
307 452 451 519 augurium
470 451 533 502 vani
553 449 671 504 docuero
690 455 846 548 parentes!

81 529 90 578 l
133 531 235 598 Aspice
253 529 294 582 bis
313 545 392 580 senos
410 527 537 580 laetantis
556 527 664 594 agmine
683 543 785 595 cycnos,

133 607 265 660 Aetheria
284 622 351 673 quos
369 605 445 672 lapsa
463 603 544 671 plaga
564 603 636 656 lovis
655 604 712 657 ales
730 607 828 674 aperto

133 682 378 747 Turbabatcac103
397 697 469 734 nuuc
488 684 578 733 terras
597 681 694 735 ordine
712 682 792 749 longo
961 697 1000 736 sss

135 763 191 814 llut
209 777 306 829 capere
324 762 373 812 aut
391 762 483 827 captas
501 758 555 810 iam
575 758 736 826 despectare
754 757 902 813 videntur:

133 837 172 891 Ut
189 837 305 890 reduces
322 836 362 890 illi
379 835 479 889 ludunt
498 834 679 888 stridentibus
697 836 753 902 alis,

133 913 169 967 lit
186 918 267 967 coetu
284 913 395 967 cinxere
412 913 511 981 polum,
530 915 682 980 cantusque
700 911 809 980 dedere,

133 990 216 1044 Haud
235 991 315 1044 aliter
333 1006 491 1058 puppesque
510 993 574 1042 tuae
592 988 734 1058 pubesque
753 992 864 1042 tuorum

133 1070 191 1121 Aut
209 1071 318 1136 portum
337 1070 428 1134 tenet,
440 1071 488 1120 aut
507 1066 587 1134 pleno
607 1065 681 1119 subit
700 1068 770 1120 ostia
787 1065 854 1119 velo.
960 1083 998 1121 sce

133 1142 221 1212 Perge
239 1144 327 1210 mode,
346 1146 382 1210 et,
401 1160 456 1211 qua
474 1147 503 1196 tc
522 1143 598 1195 ducit
616 1144 667 1209 via,
687 1143 775 1210 dirige
792 1158 932 1210 gressum.

167 1221 251 1284 Dixit,
270 1225 299 1273 et
317 1224 443 1272 avertens
462 1236 541 1272 rosea
560 1219 666 1272 cervice
684 1220 798 1286 refulsit,

133 1297 350 1364 Ambrosiaeque
369 1312 461 1348 comae
480 1296 602 1348 divinum
621 1298 723 1350 veitice
740 1295 852 1350 odorem

133 1375 282 1442 Spiravcrq
302 1373 387 1442 pedes
407 1374 491 1426 vesus
510 1372 626 1427 defluxit
644 1373 681 1426 ad
698 1374 774 1439 imos,

133 1451 169 1504 ut
187 1468 251 1503 vcra
266 1451 373 1503 incessu
390 1451 481 1518 patuit
499 1451 557 1504 dea.
597 1450 648 1503 Ille
666 1450 713 1502 ubi
732 1453 849 1503 matrem
959 1465 996 1502 sos

134 1527 282 1594 Adgnovit,
301 1527 349 1580 tali
367 1528 517 1594 fugientem
538 1531 581 1579 est
599 1544 664 1580 voce
682 1531 804 1580 secutus:

133 1603 205 1666 Quid
224 1607 318 1655 natum
337 1604 447 1669 totiens,
467 1602 585 1656 crudelis
604 1608 635 1656 tu
654 1620 770 1672 quoquc,
788 1602 863 1656 falsis

133 1678 218 1731 Ludis
236 1679 414 1747 imaginibusl
434 1697 482 1733 cur
500 1681 615 1733 dextrae
634 1680 747 1748 iungere
766 1678 894 1732 dextram

133 1755 194 1809 Non
213 1755 294 1809 datur
312 1773 343 1810 ac
361 1774 439 1810 veras
458 1757 554 1810 audire
573 1761 603 1810 ct
621 1757 739 1809 reddere
757 1757 853 1810 voccsl

133 1832 242 1885 'l'alibus
259 1833 374 1900 incusat,
392 1849 573 1900 gressumque
591 1833 626 1886 ad
645 1833 751 1886 moenia
768 1831 866 1886 tendit.
960 1849 995 1887 ιιι

133 1910 173 1962 At
192 1909 285 1962 Venus
303 1910 418 1963 obscuro
436 1910 587 1978 gradientis
605 1926 669 1963 aere
688 1911 798 1979 saepsit,

133 1984 169 2038 lit
186 1987 272 2039 multo
290 1987 406 2040 nebulae
425 1987 526 2039 circum
546 1987 598 2039 dea
616 1987 689 2040 farslit
707 1987 814 2053 aurietu,

133 2062 251 2116 Geniere
269 2080 304 2117 ne
323 2064 383 2131 quis
402 2079 456 2129 eos,
474 2079 526 2115 neu
547 2063 607 2130 quis
629 2063 785 2130 contingere
804 2065 906 2130 posset,

132 2138 257 2192 lllolirive
275 2156 387 2206 moram,
406 2143 454 2191 aut
472 2139 599 2191 veniendi
620 2156 731 2207 qroscere
750 2155 867 2192 coruscas.

133 2215 198 2282 ipsa
216 2215 339 2284 Paphum
358 2215 479 2268 sublimis
497 2215 563 2279 abit,
583 2216 716 2284 sedesque
734 2216 828 2270 revisit
957 2232 991 2270 aa

133 2291 218 2343 lacta
236 2308 306 2358 suas,
324 2291 371 2344 ubi
389 2293 522 2360 templum
542 2293 587 2358 illi,
609 2297 774 2361 centumque
793 2290 898 2345 Sabaeo

132 2366 202 2419 'l'ure
221 2367 310 2420 calent
328 2385 392 2421 arae
411 2370 548 2438 sertisque
568 2369 723 2423 recentibus
741 2368 843 2421 halant.
886 2403 889 2410 ·

166 2443 330 2511 Corripuere
347 2445 418 2497 viam
437 2445 550 2513 interea,
572 2464 626 2514 qua
644 2447 742 2500 semita
760 2449 902 2498 monstrat.

76 2513 82 2524 ⁸
97 2513 104 2539 ²
133 2519 246 2586 lamque
264 2521 449 2574 ascendebant
468 2522 571 2591 collem,
592 2523 639 2592 qui
658 2523 791 2592 plurimus
808 2521 871 2582 urbi

109 2664 110 2668 Ἰ
132 2594 262 2649 Imminet
280 2597 463 2666 adversasque
482 2599 625 2668 adspectat
643 2599 763 2668 desuper
780 2615 863 2652 arces.
948 2613 986 2652 aaa

81 2664 118 2696 ‘³‘
132 2670 250 2724 Miratur
267 2673 366 2726 molem
386 2676 502 2738 Aeneae,
522 2676 637 2743 magalia
656 2676 802 2744 quondam,

131 2747 250 2800 Miratur
267 2743 360 2817 po'rt'aa
379 2751 580 2822 strepitumque
599 2757 628 2807 et
647 2757 735 2807 strata
752 2754 866 2807 viarum.

132 2825 241 2877 instant
259 2825 388 2878 ardentes
407 2827 479 2894 Tyrii
497 2845 561 2896 pars
579 2829 680 2883 ducere
698 2847 791 2884 nmros

131 2901 275 2968 Molirique
293 2919 382 2955 arcem
401 2908 430 2955 ct
448 2905 573 2957 manibus
592 2903 752 2959 submisere
771 2922 843 2967 saxa,

132 2976 199 3027 Pars
217 2981 313 3043 optare
330 2977 418 3029 locum
437 2982 510 3030 tecto
529 2985 558 3032 et
576 2979 737 3041 concludere
756 2981 843 3045 sulco;
948 2997 983 3038 ist

132 3049 198 3101 Iura
215 3052 446 3119 magistratusque
464 3053 559 3117 legunt
578 3057 757 3126 sanctumque
776 3059 917 3120 senatum

132 3123 186 3175 Hic
202 3129 297 3190 portus
315 3127 361 3177 alii
377 3128 521 3178 effodiunt:
539 3129 582 3179 nie
600 3129 656 3180 alta
674 3121 784 3183 theatri
789 3121 805 3131 ⁴

132 3195 322 3250 Fundamenta
339 3198 430 3252 locant
448 3199 502 3265 alii,
519 3201 689 3268 inmaniaque
708 3205 846 3260 columnas
