<?xml version="1.0" encoding="UTF-8"?>
<!DOCTYPE html PUBLIC "-//W3C//DTD XHTML 1.0 Transitional//EN"
    "http://www.w3.org/TR/xhtml1/DTD/xhtml1-transitional.dtd">
<html xmlns="http://www.w3.org/1999/xhtml" xml:lang="en" lang="en">
 <head>
  <title>
</title>
<meta http-equiv="Content-Type" content="text/html;charset=utf-8" />
  <meta name='ocr-system' content='tesseract 3.04.00' />
  <meta name='ocr-capabilities' content='ocr_page ocr_carea ocr_par ocr_line ocrx_word'/>
</head>
<body>
  <div class='ocr_page' id='page_1' title='image "./operaexrecensio03virggoog_0074.png"; bbox 0 0 2154 3518; ppageno 0'>
   <div class='ocr_carea' id='block_1_1' title="bbox 142 179 765 230">
    <p class='ocr_par' dir='ltr' id='par_1_1' title="bbox 142 179 765 230">
     <span class='ocr_line' id='line_1_1' title="bbox 142 179 765 230; baseline 0.005 -4"><span class='ocrx_word' id='word_1_1' title='bbox 142 183 172 227; x_wconf 80' lang='grc'>60</span> <span class='ocrx_word' id='word_1_2' title='bbox 381 181 409 228; x_wconf 94' lang='grc' dir='ltr'>Ρ.</span> <span class='ocrx_word' id='word_1_3' title='bbox 428 180 580 227; x_wconf 85' lang='lat' dir='ltr'><strong>VERGILI</strong></span> <span class='ocrx_word' id='word_1_4' title='bbox 599 179 765 230; x_wconf 88' lang='lat' dir='ltr'><strong>MARONIS</strong></span> 
     </span>
    </p>
   </div>
   <div class='ocr_carea' id='block_1_2' title="bbox 89 258 1014 2769">
    <p class='ocr_par' dir='ltr' id='par_1_2' title="bbox 89 258 1014 2769">
     <span class='ocr_line' id='line_1_2' title="bbox 142 258 791 327; baseline 0.005 -15"><span class='ocrx_word' id='word_1_5' title='bbox 142 258 252 314; x_wconf 83' lang='lat' dir='ltr'><strong>Vellera</strong></span> <span class='ocrx_word' id='word_1_6' title='bbox 270 263 410 314; x_wconf 88' lang='lat' dir='ltr'>mutentur</span> <span class='ocrx_word' id='word_1_7' title='bbox 429 261 522 327; x_wconf 84' lang='lat' dir='ltr'>Tyrios</span> <span class='ocrx_word' id='word_1_8' title='bbox 540 261 645 314; x_wconf 83' lang='lat' dir='ltr'>incocta</span> <span class='ocrx_word' id='word_1_9' title='bbox 663 261 791 315; x_wconf 76' lang='lat' dir='ltr'>rubores:</span> 
     </span>
     <span class='ocr_line' id='line_1_3' title="bbox 140 335 847 404; baseline 0.003 -15"><span class='ocrx_word' id='word_1_10' title='bbox 140 335 255 389; x_wconf 87' lang='lat' dir='ltr'>Densior</span> <span class='ocrx_word' id='word_1_11' title='bbox 273 335 336 389; x_wconf 91' lang='lat' dir='ltr'>hiuc</span> <span class='ocrx_word' id='word_1_12' title='bbox 354 335 470 404; x_wconf 80' lang='lat' dir='ltr'>suboles,</span> <span class='ocrx_word' id='word_1_13' title='bbox 489 338 551 390; x_wconf 87' lang='lat' dir='ltr'>hinc</span> <span class='ocrx_word' id='word_1_14' title='bbox 570 337 638 404; x_wconf 84' lang='lat' dir='ltr'>largi</span> <span class='ocrx_word' id='word_1_15' title='bbox 657 339 733 404; x_wconf 84' lang='lat' dir='ltr'>copia</span> <span class='ocrx_word' id='word_1_16' title='bbox 752 337 847 404; x_wconf 76' lang='lat' dir='ltr'>lactis3</span> 
     </span>
     <span class='ocr_line' id='line_1_4' title="bbox 102 411 918 485; baseline 0.005 -22"><span class='ocrx_word' id='word_1_17' title='bbox 102 439 112 485; x_wconf 45' lang='grc' dir='ltr'><em>ἵ</em></span> <span class='ocrx_word' id='word_1_18' title='bbox 139 413 226 476; x_wconf 80' lang='lat' dir='ltr'>Quam</span> <span class='ocrx_word' id='word_1_19' title='bbox 244 413 331 479; x_wconf 85' lang='lat' dir='ltr'>magis</span> <span class='ocrx_word' id='word_1_20' title='bbox 350 411 484 465; x_wconf 86' lang='lat' dir='ltr'>exhausto</span> <span class='ocrx_word' id='word_1_21' title='bbox 503 414 671 481; x_wconf 80' lang='lat' dir='ltr'><strong>spumaverit</strong></span> <span class='ocrx_word' id='word_1_22' title='bbox 689 413 774 466; x_wconf 88' lang='lat' dir='ltr'>ubere</span> <span class='ocrx_word' id='word_1_23' title='bbox 791 414 918 481; x_wconf 86' lang='lat' dir='ltr'>mulctra,</span> 
     </span>
     <span class='ocr_line' id='line_1_5' title="bbox 139 487 1014 556; baseline 0.008 -16"><span class='ocrx_word' id='word_1_24' title='bbox 139 487 225 542; x_wconf 82' lang='lat' dir='ltr'>Laeta</span> <span class='ocrx_word' id='word_1_25' title='bbox 242 489 328 555; x_wconf 88' lang='lat' dir='ltr'>magis</span> <span class='ocrx_word' id='word_1_26' title='bbox 347 489 447 556; x_wconf 80' lang='lat' dir='ltr'>pressis</span> <span class='ocrx_word' id='word_1_27' title='bbox 466 489 616 542; x_wconf 87' lang='lat' dir='ltr'>manabunt</span> <span class='ocrx_word' id='word_1_28' title='bbox 635 489 746 542; x_wconf 87' lang='lat' dir='ltr'>flmuiua</span> <span class='ocrx_word' id='word_1_29' title='bbox 762 490 899 543; x_wconf 88' lang='lat' dir='ltr'>mammis.</span> <span class='ocrx_word' id='word_1_30' title='bbox 973 508 1014 547; x_wconf 72' lang='lat' dir='ltr'>sto</span> 
     </span>
     <span class='ocr_line' id='line_1_6' title="bbox 138 563 828 633; baseline 0.004 -17"><span class='ocrx_word' id='word_1_31' title='bbox 138 563 164 616; x_wconf 91' lang='lat' dir='ltr'>N</span> <span class='ocrx_word' id='word_1_32' title='bbox 166 581 197 618; x_wconf 90' lang='lat' dir='ltr'>ec</span> <span class='ocrx_word' id='word_1_33' title='bbox 214 565 304 617; x_wconf 90' lang='lat' dir='ltr'>minus</span> <span class='ocrx_word' id='word_1_34' title='bbox 323 565 430 618; x_wconf 86' lang='lat' dir='ltr'>interea</span> <span class='ocrx_word' id='word_1_35' title='bbox 448 564 548 617; x_wconf 77' lang='lat' dir='ltr'>barbas</span> <span class='ocrx_word' id='word_1_36' title='bbox 567 565 718 633; x_wconf 82' lang='lat' dir='ltr'>incanaque</span> <span class='ocrx_word' id='word_1_37' title='bbox 736 570 828 620; x_wconf 85' lang='lat' dir='ltr'>menta</span> 
     </span>
     <span class='ocr_line' id='line_1_7' title="bbox 138 639 801 709; baseline 0.003 -16"><span class='ocrx_word' id='word_1_38' title='bbox 138 641 262 709; x_wconf 76' lang='lat' dir='ltr'>Cinyphii</span> <span class='ocrx_word' id='word_1_39' title='bbox 281 641 399 694; x_wconf 87' lang='lat' dir='ltr'>tondent</span> <span class='ocrx_word' id='word_1_40' title='bbox 417 639 485 694; x_wconf 92' lang='lat' dir='ltr'>hirci</span> <span class='ocrx_word' id='word_1_41' title='bbox 504 644 650 709; x_wconf 87' lang='lat' dir='ltr'>saetasque</span> <span class='ocrx_word' id='word_1_42' title='bbox 668 643 801 695; x_wconf 79' lang='lat' dir='ltr'>comantis</span> 
     </span>
     <span class='ocr_line' id='line_1_8' title="bbox 137 713 882 772; baseline 0.001 -3"><span class='ocrx_word' id='word_1_43' title='bbox 137 713 270 770; x_wconf 70' lang='lat' dir='ltr'>Usrffrfiu</span> <span class='ocrx_word' id='word_1_44' title='bbox 288 722 440 771; x_wconf 88' lang='lat' dir='ltr'>castrorum</span> <span class='ocrx_word' id='word_1_45' title='bbox 459 721 487 772; x_wconf 88' lang='lat' dir='ltr'>et</span> <span class='ocrx_word' id='word_1_46' title='bbox 505 717 612 769; x_wconf 90' lang='lat' dir='ltr'>miseris</span> <span class='ocrx_word' id='word_1_47' title='bbox 630 717 766 771; x_wconf 86' lang='lat' dir='ltr'>velamina</span> <span class='ocrx_word' id='word_1_48' title='bbox 782 719 882 772; x_wconf 83' lang='lat' dir='ltr'>nautis.</span> 
     </span>
     <span class='ocr_line' id='line_1_9' title="bbox 89 793 765 861; baseline -0.004 -10"><span class='ocrx_word' id='word_1_49' title='bbox 89 793 290 856; x_wconf 72' lang='lat' dir='ltr'>ll&#39;Pascuntur</span> <span class='ocrx_word' id='word_1_50' title='bbox 307 809 372 846; x_wconf 86' lang='lat' dir='ltr'>vero</span> <span class='ocrx_word' id='word_1_51' title='bbox 391 793 472 848; x_wconf 89' lang='lat' dir='ltr'>silvas</span> <span class='ocrx_word' id='word_1_52' title='bbox 491 796 519 846; x_wconf 90' lang='lat' dir='ltr'>et</span> <span class='ocrx_word' id='word_1_53' title='bbox 537 809 643 846; x_wconf 86' lang='lat' dir='ltr'>summa</span> <span class='ocrx_word' id='word_1_54' title='bbox 661 793 765 861; x_wconf 83' lang='lat' dir='ltr'>Lycaei,</span> 
     </span>
     <span class='ocr_line' id='line_1_10' title="bbox 137 868 852 938; baseline 0.003 -16"><span class='ocrx_word' id='word_1_55' title='bbox 137 870 339 938; x_wconf 87' lang='lat' dir='ltr'>Horreutisque</span> <span class='ocrx_word' id='word_1_56' title='bbox 357 869 439 922; x_wconf 89' lang='lat' dir='ltr'>rubos</span> <span class='ocrx_word' id='word_1_57' title='bbox 458 875 487 923; x_wconf 89' lang='lat' dir='ltr'>et</span> <span class='ocrx_word' id='word_1_58' title='bbox 505 869 621 922; x_wconf 88' lang='lat' dir='ltr'>amantis</span> <span class='ocrx_word' id='word_1_59' title='bbox 639 868 725 922; x_wconf 90' lang='lat' dir='ltr'>ardua</span> <span class='ocrx_word' id='word_1_60' title='bbox 743 870 852 935; x_wconf 88' lang='lat' dir='ltr'>dumos;</span> 
     </span>
     <span class='ocr_line' id='line_1_11' title="bbox 137 944 894 1015; baseline 0 -15"><span class='ocrx_word' id='word_1_61' title='bbox 137 947 232 1015; x_wconf 87' lang='lat' dir='ltr'>Atque</span> <span class='ocrx_word' id='word_1_62' title='bbox 250 947 325 1014; x_wconf 88' lang='lat' dir='ltr'>ipsae</span> <span class='ocrx_word' id='word_1_63' title='bbox 343 962 477 999; x_wconf 79' lang='lat' dir='ltr'>memores</span> <span class='ocrx_word' id='word_1_64' title='bbox 496 944 612 998; x_wconf 89' lang='lat' dir='ltr'>redeunt</span> <span class='ocrx_word' id='word_1_65' title='bbox 630 945 658 998; x_wconf 91' lang='lat' dir='ltr'>in</span> <span class='ocrx_word' id='word_1_66' title='bbox 677 950 757 1012; x_wconf 82' lang='lat' dir='ltr'>tecta,</span> <span class='ocrx_word' id='word_1_67' title='bbox 776 963 894 1014; x_wconf 88' lang='lat' dir='ltr'>suosque</span> 
     </span>
     <span class='ocr_line' id='line_1_12' title="bbox 136 1022 858 1090; baseline 0.003 -16"><span class='ocrx_word' id='word_1_68' title='bbox 136 1022 254 1090; x_wconf 87' lang='lat' dir='ltr'>Ducunt,</span> <span class='ocrx_word' id='word_1_69' title='bbox 273 1026 301 1075; x_wconf 92' lang='lat' dir='ltr'>et</span> <span class='ocrx_word' id='word_1_70' title='bbox 319 1022 433 1090; x_wconf 86' lang='lat' dir='ltr'>gravide</span> <span class='ocrx_word' id='word_1_71' title='bbox 454 1025 583 1090; x_wconf 87' lang='lat' dir='ltr'>superant</span> <span class='ocrx_word' id='word_1_72' title='bbox 601 1022 646 1074; x_wconf 82' lang='lat' dir='ltr'>vix</span> <span class='ocrx_word' id='word_1_73' title='bbox 665 1022 750 1075; x_wconf 89' lang='lat' dir='ltr'>ubere</span> <span class='ocrx_word' id='word_1_74' title='bbox 769 1022 858 1076; x_wconf 89' lang='lat' dir='ltr'>limen.</span> 
     </span>
     <span class='ocr_line' id='line_1_13' title="bbox 136 1097 833 1166; baseline 0 -16"><span class='ocrx_word' id='word_1_75' title='bbox 136 1097 209 1166; x_wconf 80' lang='lat' dir='ltr'>Ergo</span> <span class='ocrx_word' id='word_1_76' title='bbox 227 1099 300 1152; x_wconf 91' lang='lat' dir='ltr'>omni</span> <span class='ocrx_word' id='word_1_77' title='bbox 321 1098 411 1151; x_wconf 89' lang='lat' dir='ltr'>studio</span> <span class='ocrx_word' id='word_1_78' title='bbox 430 1097 544 1166; x_wconf 77' lang='lat' dir='ltr'>glaciem</span> <span class='ocrx_word' id='word_1_79' title='bbox 563 1103 713 1166; x_wconf 83' lang='lat' dir='ltr'>ventosque</span> <span class='ocrx_word' id='word_1_80' title='bbox 731 1097 833 1162; x_wconf 89' lang='lat' dir='ltr'>nivalis,</span> 
     </span>
     <span class='ocr_line' id='line_1_14' title="bbox 136 1175 807 1242; baseline -0.001 -13"><span class='ocrx_word' id='word_1_81' title='bbox 136 1176 196 1240; x_wconf 80' lang='lat' dir='ltr'>Quo</span> <span class='ocrx_word' id='word_1_82' title='bbox 213 1177 302 1230; x_wconf 90' lang='lat' dir='ltr'>minor</span> <span class='ocrx_word' id='word_1_83' title='bbox 320 1179 362 1229; x_wconf 89' lang='lat' dir='ltr'>est</span> <span class='ocrx_word' id='word_1_84' title='bbox 381 1175 433 1228; x_wconf 93' lang='lat' dir='ltr'>illis</span> <span class='ocrx_word' id='word_1_85' title='bbox 452 1192 533 1229; x_wconf 89' lang='lat' dir='ltr'>curae</span> <span class='ocrx_word' id='word_1_86' title='bbox 551 1175 674 1228; x_wconf 90' lang='lat' dir='ltr'>mortalis</span> <span class='ocrx_word' id='word_1_87' title='bbox 693 1179 807 1242; x_wconf 85' lang='lat' dir='ltr'>egestas,</span> 
     </span>
     <span class='ocr_line' id='line_1_15' title="bbox 136 1251 1003 1322; baseline 0.001 -17"><span class='ocrx_word' id='word_1_88' title='bbox 136 1253 261 1322; x_wconf 86' lang='lat' dir='ltr'>Avertes,</span> <span class='ocrx_word' id='word_1_89' title='bbox 279 1253 436 1321; x_wconf 85' lang='lat' dir='ltr'>victumque</span> <span class='ocrx_word' id='word_1_90' title='bbox 454 1252 525 1304; x_wconf 86' lang='lat' dir='ltr'>feres</span> <span class='ocrx_word' id='word_1_91' title='bbox 544 1255 573 1304; x_wconf 90' lang='lat' dir='ltr'>et</span> <span class='ocrx_word' id='word_1_92' title='bbox 591 1251 685 1318; x_wconf 88' lang='lat' dir='ltr'>virgea</span> <span class='ocrx_word' id='word_1_93' title='bbox 702 1251 790 1305; x_wconf 89' lang='lat' dir='ltr'>laetus</span> <span class='ocrx_word' id='word_1_94' title='bbox 963 1269 1003 1306; x_wconf 71' lang='lat' dir='ltr'>aru</span> 
     </span>
     <span class='ocr_line' id='line_1_16' title="bbox 136 1327 774 1397; baseline -0.003 -15"><span class='ocrx_word' id='word_1_95' title='bbox 136 1329 246 1397; x_wconf 82' lang='lat' dir='ltr'>Pabula,</span> <span class='ocrx_word' id='word_1_96' title='bbox 265 1347 316 1383; x_wconf 87' lang='lat' dir='ltr'>nec</span> <span class='ocrx_word' id='word_1_97' title='bbox 333 1333 392 1382; x_wconf 89' lang='lat' dir='ltr'>tota</span> <span class='ocrx_word' id='word_1_98' title='bbox 411 1328 522 1382; x_wconf 89' lang='lat' dir='ltr'>claudes</span> <span class='ocrx_word' id='word_1_99' title='bbox 541 1327 652 1380; x_wconf 85' lang='lat' dir='ltr'>faenilia</span> <span class='ocrx_word' id='word_1_100' title='bbox 670 1327 774 1380; x_wconf 87' lang='lat' dir='ltr'>bruma.</span> 
     </span>
     <span class='ocr_line' id='line_1_17' title="bbox 136 1403 867 1474; baseline -0.003 -15"><span class='ocrx_word' id='word_1_101' title='bbox 136 1407 176 1459; x_wconf 88' lang='lat' dir='ltr'>At</span> <span class='ocrx_word' id='word_1_102' title='bbox 195 1423 258 1459; x_wconf 86' lang='lat' dir='ltr'>vero</span> <span class='ocrx_word' id='word_1_103' title='bbox 277 1406 409 1474; x_wconf 70' lang='lat' dir='ltr'>Zephyris</span> <span class='ocrx_word' id='word_1_104' title='bbox 428 1422 489 1458; x_wconf 93' lang='lat' dir='ltr'>cum</span> <span class='ocrx_word' id='word_1_105' title='bbox 508 1405 581 1457; x_wconf 87' lang='lat' dir='ltr'>laeta</span> <span class='ocrx_word' id='word_1_106' title='bbox 600 1403 758 1456; x_wconf 89' lang='lat' dir='ltr'>vocantibus</span> <span class='ocrx_word' id='word_1_107' title='bbox 777 1407 867 1457; x_wconf 84' lang='lat' dir='ltr'>aestas</span> 
     </span>
     <span class='ocr_line' id='line_1_18' title="bbox 136 1480 961 1549; baseline 0.001 -16"><span class='ocrx_word' id='word_1_108' title='bbox 136 1481 169 1533; x_wconf 88' lang='lat' dir='ltr'>ln</span> <span class='ocrx_word' id='word_1_109' title='bbox 189 1482 273 1535; x_wconf 87' lang='lat' dir='ltr'>saltus</span> <span class='ocrx_word' id='word_1_110' title='bbox 291 1487 438 1549; x_wconf 88' lang='lat' dir='ltr'>utrumque</span> <span class='ocrx_word' id='word_1_111' title='bbox 456 1497 567 1547; x_wconf 82' lang='lat' dir='ltr'>gregem</span> <span class='ocrx_word' id='word_1_112' title='bbox 586 1483 670 1546; x_wconf 85' lang='lat' dir='ltr'>atque</span> <span class='ocrx_word' id='word_1_113' title='bbox 688 1481 716 1532; x_wconf 92' lang='lat' dir='ltr'>iu</span> <span class='ocrx_word' id='word_1_114' title='bbox 734 1496 835 1548; x_wconf 89' lang='lat' dir='ltr'>pascua</span> <span class='ocrx_word' id='word_1_115' title='bbox 852 1480 961 1548; x_wconf 87' lang='lat' dir='ltr'>mittet,</span> 
     </span>
     <span class='ocr_line' id='line_1_19' title="bbox 135 1555 749 1626; baseline -0.003 -16"><span class='ocrx_word' id='word_1_116' title='bbox 135 1557 254 1610; x_wconf 86' lang='lat' dir='ltr'>Luciferi</span> <span class='ocrx_word' id='word_1_117' title='bbox 271 1557 360 1626; x_wconf 91' lang='lat' dir='ltr'>primo</span> <span class='ocrx_word' id='word_1_118' title='bbox 378 1574 439 1610; x_wconf 91' lang='lat' dir='ltr'>cum</span> <span class='ocrx_word' id='word_1_119' title='bbox 458 1555 549 1608; x_wconf 83' lang='lat' dir='ltr'>sidere</span> <span class='ocrx_word' id='word_1_120' title='bbox 568 1555 749 1622; x_wconf 77' lang='lat' dir='ltr'>frigide.rura</span> 
     </span>
     <span class='ocr_line' id='line_1_20' title="bbox 135 1631 998 1701; baseline 0.003 -15"><span class='ocrx_word' id='word_1_121' title='bbox 135 1634 292 1701; x_wconf 67' lang='lat' dir='ltr'>carpamus,</span> <span class='ocrx_word' id='word_1_122' title='bbox 306 1633 371 1685; x_wconf 90' lang='lat' dir='ltr'>dum</span> <span class='ocrx_word' id='word_1_123' title='bbox 384 1649 464 1684; x_wconf 73' lang='lat' dir='ltr'>usaue</span> <span class='ocrx_word' id='word_1_124' title='bbox 476 1647 582 1696; x_wconf 84' lang='lat' dir='ltr'>uerum,</span> <span class='ocrx_word' id='word_1_125' title='bbox 595 1631 661 1684; x_wconf 91' lang='lat' dir='ltr'>dum</span> <span class='ocrx_word' id='word_1_126' title='bbox 674 1633 797 1699; x_wconf 88' lang='lat' dir='ltr'>gramina</span> <span class='ocrx_word' id='word_1_127' title='bbox 808 1637 915 1696; x_wconf 86' lang='lat' dir='ltr'>canent,</span> <span class='ocrx_word' id='word_1_128' title='bbox 960 1649 998 1689; x_wconf 69' lang='lat' dir='ltr'>aas</span> 
     </span>
     <span class='ocr_line' id='line_1_21' title="bbox 135 1707 802 1775; baseline 0.003 -15"><span class='ocrx_word' id='word_1_129' title='bbox 135 1708 172 1761; x_wconf 85' lang='lat' dir='ltr'>Et</span> <span class='ocrx_word' id='word_1_130' title='bbox 189 1725 234 1760; x_wconf 89' lang='lat' dir='ltr'>ros</span> <span class='ocrx_word' id='word_1_131' title='bbox 252 1708 280 1761; x_wconf 89' lang='lat' dir='ltr'>in</span> <span class='ocrx_word' id='word_1_132' title='bbox 298 1711 393 1761; x_wconf 88' lang='lat' dir='ltr'>tenera</span> <span class='ocrx_word' id='word_1_133' title='bbox 411 1707 503 1775; x_wconf 87' lang='lat' dir='ltr'>pecori</span> <span class='ocrx_word' id='word_1_134' title='bbox 520 1707 693 1775; x_wconf 86' lang='lat' dir='ltr'>gratissimus</span> <span class='ocrx_word' id='word_1_135' title='bbox 711 1707 802 1762; x_wconf 86' lang='lat' dir='ltr'>herba.</span> 
     </span>
     <span class='ocr_line' id='line_1_22' title="bbox 135 1783 815 1852; baseline 0.001 -15"><span class='ocrx_word' id='word_1_136' title='bbox 135 1784 213 1849; x_wconf 89' lang='lat' dir='ltr'>Inde,</span> <span class='ocrx_word' id='word_1_137' title='bbox 230 1783 277 1836; x_wconf 94' lang='lat' dir='ltr'>ubi</span> <span class='ocrx_word' id='word_1_138' title='bbox 296 1787 394 1852; x_wconf 88' lang='lat' dir='ltr'>quarta</span> <span class='ocrx_word' id='word_1_139' title='bbox 412 1783 486 1836; x_wconf 91' lang='lat' dir='ltr'>sitim</span> <span class='ocrx_word' id='word_1_140' title='bbox 505 1783 572 1837; x_wconf 90' lang='lat' dir='ltr'>caeli</span> <span class='ocrx_word' id='word_1_141' title='bbox 591 1783 731 1851; x_wconf 78' lang='lat' dir='ltr'>collegerit</span> <span class='ocrx_word' id='word_1_142' title='bbox 749 1784 815 1838; x_wconf 78' lang='lat' dir='ltr'>liora</span> 
     </span>
     <span class='ocr_line' id='line_1_23' title="bbox 135 1859 832 1929; baseline 0 -15"><span class='ocrx_word' id='word_1_143' title='bbox 135 1860 172 1914; x_wconf 85' lang='lat' dir='ltr'>Et</span> <span class='ocrx_word' id='word_1_144' title='bbox 190 1864 272 1915; x_wconf 85' lang='lat' dir='ltr'>cantu</span> <span class='ocrx_word' id='word_1_145' title='bbox 290 1862 421 1929; x_wconf 84' lang='lat' dir='ltr'>querulae</span> <span class='ocrx_word' id='word_1_146' title='bbox 440 1862 568 1929; x_wconf 82' lang='lat' dir='ltr'>rumpent</span> <span class='ocrx_word' id='word_1_147' title='bbox 586 1859 699 1913; x_wconf 88' lang='lat' dir='ltr'>arbusta</span> <span class='ocrx_word' id='word_1_148' title='bbox 716 1861 832 1927; x_wconf 84' lang='lat' dir='ltr'>cicadae,</span> 
     </span>
     <span class='ocr_line' id='line_1_24' title="bbox 135 1936 833 2005; baseline 0.001 -15"><span class='ocrx_word' id='word_1_149' title='bbox 135 1937 183 1990; x_wconf 92' lang='lat' dir='ltr'>Ad</span> <span class='ocrx_word' id='word_1_150' title='bbox 200 1940 299 2005; x_wconf 90' lang='lat' dir='ltr'>puteos</span> <span class='ocrx_word' id='word_1_151' title='bbox 317 1939 365 1990; x_wconf 87' lang='lat' dir='ltr'>aut</span> <span class='ocrx_word' id='word_1_152' title='bbox 383 1937 439 1990; x_wconf 87' lang='lat' dir='ltr'>alta</span> <span class='ocrx_word' id='word_1_153' title='bbox 455 1952 554 2005; x_wconf 80' lang='lat' dir='ltr'>greges</span> <span class='ocrx_word' id='word_1_154' title='bbox 572 1936 609 1989; x_wconf 89' lang='lat' dir='ltr'>ad</span> <span class='ocrx_word' id='word_1_155' title='bbox 627 1939 724 2003; x_wconf 83' lang='lat' dir='ltr'>stagna</span> <span class='ocrx_word' id='word_1_156' title='bbox 741 1937 833 1991; x_wconf 84' lang='lat' dir='ltr'>iubeto</span> 
     </span>
     <span class='ocr_line' id='line_1_25' title="bbox 135 2012 995 2082; baseline 0.005 -16"><span class='ocrx_word' id='word_1_157' title='bbox 135 2013 297 2067; x_wconf 72' lang='lat' dir='ltr'>currentem</span> <span class='ocrx_word' id='word_1_158' title='bbox 316 2013 406 2081; x_wconf 83' lang='lat' dir='ltr'>ilignis</span> <span class='ocrx_word' id='word_1_159' title='bbox 422 2017 518 2082; x_wconf 90' lang='lat' dir='ltr'>potare</span> <span class='ocrx_word' id='word_1_160' title='bbox 536 2012 675 2068; x_wconf 90' lang='lat' dir='ltr'>canalibus</span> <span class='ocrx_word' id='word_1_161' title='bbox 693 2013 809 2078; x_wconf 88' lang='lat' dir='ltr'>uudem;</span> <span class='ocrx_word' id='word_1_162' title='bbox 957 2030 995 2070; x_wconf 77' lang='lat' dir='ltr'>seo</span> 
     </span>
     <span class='ocr_line' id='line_1_26' title="bbox 135 2089 889 2157; baseline 0 -15"><span class='ocrx_word' id='word_1_163' title='bbox 135 2091 266 2144; x_wconf 87' lang='lat' dir='ltr'>Aestibus</span> <span class='ocrx_word' id='word_1_164' title='bbox 284 2095 313 2144; x_wconf 89' lang='lat' dir='ltr'>at</span> <span class='ocrx_word' id='word_1_165' title='bbox 330 2090 428 2144; x_wconf 88' lang='lat' dir='ltr'>mediis</span> <span class='ocrx_word' id='word_1_166' title='bbox 446 2091 602 2144; x_wconf 88' lang='lat' dir='ltr'>umbrosam</span> <span class='ocrx_word' id='word_1_167' title='bbox 622 2090 766 2157; x_wconf 84' lang='lat' dir='ltr'>exquirere</span> <span class='ocrx_word' id='word_1_168' title='bbox 784 2089 889 2155; x_wconf 89' lang='lat' dir='ltr'>vallem,</span> 
     </span>
     <span class='ocr_line' id='line_1_27' title="bbox 134 2165 814 2235; baseline -0.001 -16"><span class='ocrx_word' id='word_1_169' title='bbox 134 2167 225 2220; x_wconf 85' lang='lat' dir='ltr'>Sicubi</span> <span class='ocrx_word' id='word_1_170' title='bbox 243 2183 341 2235; x_wconf 84' lang='lat' dir='ltr'>magna</span> <span class='ocrx_word' id='word_1_171' title='bbox 360 2167 433 2219; x_wconf 83' lang='lat' dir='ltr'>loris</span> <span class='ocrx_word' id='word_1_172' title='bbox 451 2167 564 2234; x_wconf 87' lang='lat' dir='ltr'>antiquo</span> <span class='ocrx_word' id='word_1_173' title='bbox 582 2165 681 2219; x_wconf 88' lang='lat' dir='ltr'>robore</span> <span class='ocrx_word' id='word_1_174' title='bbox 699 2182 814 2233; x_wconf 89' lang='lat' dir='ltr'>quercus</span> 
     </span>
     <span class='ocr_line' id='line_1_28' title="bbox 96 2241 780 2317; baseline 0 -23"><span class='ocrx_word' id='word_1_175' title='bbox 96 2242 258 2317; x_wconf 36' lang='lat' dir='ltr'>‚eligentis</span> <span class='ocrx_word' id='word_1_176' title='bbox 276 2242 374 2296; x_wconf 90' lang='lat' dir='ltr'>tendat</span> <span class='ocrx_word' id='word_1_177' title='bbox 391 2257 487 2309; x_wconf 90' lang='lat' dir='ltr'>ramos,</span> <span class='ocrx_word' id='word_1_178' title='bbox 506 2244 554 2294; x_wconf 83' lang='lat' dir='ltr'>aut</span> <span class='ocrx_word' id='word_1_179' title='bbox 572 2241 657 2295; x_wconf 85' lang='lat' dir='ltr'>sicubi</span> <span class='ocrx_word' id='word_1_180' title='bbox 673 2243 780 2308; x_wconf 84' lang='lat' dir='ltr'>nigrum</span> 
     </span>
     <span class='ocr_line' id='line_1_29' title="bbox 135 2316 833 2382; baseline 0.001 -13"><span class='ocrx_word' id='word_1_181' title='bbox 135 2317 246 2371; x_wconf 91' lang='lat' dir='ltr'>Ilicibus</span> <span class='ocrx_word' id='word_1_182' title='bbox 263 2317 366 2371; x_wconf 88' lang='lat' dir='ltr'>crebris</span> <span class='ocrx_word' id='word_1_183' title='bbox 385 2332 462 2369; x_wconf 88' lang='lat' dir='ltr'>sacra</span> <span class='ocrx_word' id='word_1_184' title='bbox 478 2332 574 2370; x_wconf 89' lang='lat' dir='ltr'>nemus</span> <span class='ocrx_word' id='word_1_185' title='bbox 592 2316 705 2370; x_wconf 84' lang='lat' dir='ltr'>accubet</span> <span class='ocrx_word' id='word_1_186' title='bbox 723 2318 833 2382; x_wconf 87' lang='lat' dir='ltr'>umbra;</span> 
     </span>
     <span class='ocr_line' id='line_1_30' title="bbox 134 2393 991 2462; baseline 0.006 -16"><span class='ocrx_word' id='word_1_187' title='bbox 134 2394 202 2446; x_wconf 84' lang='lat' dir='ltr'>Tum</span> <span class='ocrx_word' id='word_1_188' title='bbox 220 2393 310 2447; x_wconf 86' lang='lat' dir='ltr'>tenuis</span> <span class='ocrx_word' id='word_1_189' title='bbox 328 2393 394 2446; x_wconf 85' lang='lat' dir='ltr'>dare</span> <span class='ocrx_word' id='word_1_190' title='bbox 412 2408 507 2445; x_wconf 83' lang='lat' dir='ltr'>mrsus</span> <span class='ocrx_word' id='word_1_191' title='bbox 524 2410 618 2462; x_wconf 87' lang='lat' dir='ltr'>aquas,</span> <span class='ocrx_word' id='word_1_192' title='bbox 638 2397 667 2446; x_wconf 91' lang='lat' dir='ltr'>et</span> <span class='ocrx_word' id='word_1_193' title='bbox 685 2410 796 2461; x_wconf 88' lang='lat' dir='ltr'>pascere</span> <span class='ocrx_word' id='word_1_194' title='bbox 814 2411 909 2448; x_wconf 88' lang='lat' dir='ltr'>rursus</span> <span class='ocrx_word' id='word_1_195' title='bbox 954 2413 991 2452; x_wconf 73' lang='lat' dir='ltr'>aas</span> 
     </span>
     <span class='ocr_line' id='line_1_31' title="bbox 134 2468 815 2538; baseline 0.003 -17"><span class='ocrx_word' id='word_1_196' title='bbox 134 2469 204 2522; x_wconf 79' lang='lat' dir='ltr'>Solis</span> <span class='ocrx_word' id='word_1_197' title='bbox 221 2468 256 2522; x_wconf 91' lang='lat' dir='ltr'>ad</span> <span class='ocrx_word' id='word_1_198' title='bbox 275 2486 406 2536; x_wconf 90' lang='lat' dir='ltr'>occasum,</span> <span class='ocrx_word' id='word_1_199' title='bbox 424 2485 486 2523; x_wconf 91' lang='lat' dir='ltr'>cum</span> <span class='ocrx_word' id='word_1_200' title='bbox 504 2468 618 2537; x_wconf 87' lang='lat' dir='ltr'>frigidus</span> <span class='ocrx_word' id='word_1_201' title='bbox 636 2487 701 2523; x_wconf 91' lang='lat' dir='ltr'>aera</span> <span class='ocrx_word' id='word_1_202' title='bbox 718 2487 815 2538; x_wconf 86' lang='lat' dir='ltr'>vesper</span> 
     </span>
     <span class='ocr_line' id='line_1_32' title="bbox 134 2545 833 2614; baseline 0.001 -17"><span class='ocrx_word' id='word_1_203' title='bbox 134 2545 286 2614; x_wconf 87' lang='lat' dir='ltr'>Temperat,</span> <span class='ocrx_word' id='word_1_204' title='bbox 306 2549 334 2598; x_wconf 92' lang='lat' dir='ltr'>ct</span> <span class='ocrx_word' id='word_1_205' title='bbox 353 2545 438 2599; x_wconf 89' lang='lat' dir='ltr'>saltus</span> <span class='ocrx_word' id='word_1_206' title='bbox 456 2545 546 2598; x_wconf 90' lang='lat' dir='ltr'>reficit</span> <span class='ocrx_word' id='word_1_207' title='bbox 564 2546 618 2599; x_wconf 92' lang='lat' dir='ltr'>iam</span> <span class='ocrx_word' id='word_1_208' title='bbox 637 2546 744 2599; x_wconf 88' lang='lat' dir='ltr'>roscida</span> <span class='ocrx_word' id='word_1_209' title='bbox 762 2546 833 2614; x_wconf 90' lang='lat' dir='ltr'>luna,</span> 
     </span>
     <span class='ocr_line' id='line_1_33' title="bbox 133 2621 874 2691; baseline 0.001 -17"><span class='ocrx_word' id='word_1_210' title='bbox 133 2621 281 2690; x_wconf 85' lang='lat' dir='ltr'>Litoraque</span> <span class='ocrx_word' id='word_1_211' title='bbox 299 2622 427 2690; x_wconf 77' lang='lat' dir='ltr'>alcyonea</span> <span class='ocrx_word' id='word_1_212' title='bbox 445 2627 582 2691; x_wconf 87' lang='lat' dir='ltr'>resonant,</span> <span class='ocrx_word' id='word_1_213' title='bbox 601 2623 773 2677; x_wconf 84' lang='lat' dir='ltr'>acalanthida</span> <span class='ocrx_word' id='word_1_214' title='bbox 792 2622 874 2676; x_wconf 91' lang='lat' dir='ltr'>dumi.</span> 
     </span>
     <span class='ocr_line' id='line_1_34' title="bbox 168 2697 881 2769; baseline 0.003 -19"><span class='ocrx_word' id='word_1_215' title='bbox 168 2698 240 2762; x_wconf 83' lang='lat' dir='ltr'>Quid</span> <span class='ocrx_word' id='word_1_216' title='bbox 258 2697 310 2751; x_wconf 88' lang='lat' dir='ltr'>tibi</span> <span class='ocrx_word' id='word_1_217' title='bbox 328 2702 452 2767; x_wconf 88' lang='lat' dir='ltr'>pastores</span> <span class='ocrx_word' id='word_1_218' title='bbox 472 2699 581 2767; x_wconf 79' lang='lat' dir='ltr'>Libyae,</span> <span class='ocrx_word' id='word_1_219' title='bbox 600 2700 668 2769; x_wconf 90' lang='lat' dir='ltr'>quid</span> <span class='ocrx_word' id='word_1_220' title='bbox 685 2716 784 2767; x_wconf 89' lang='lat' dir='ltr'>pascua</span> <span class='ocrx_word' id='word_1_221' title='bbox 802 2716 881 2752; x_wconf 76' lang='lat' dir='ltr'>versu</span> 
     </span>
    </p>
   </div>
   <div class='ocr_carea' id='block_1_3' title="bbox 133 2773 987 2996">
    <p class='ocr_par' dir='ltr' id='par_1_3' title="bbox 133 2773 987 2996">
     <span class='ocr_line' id='line_1_35' title="bbox 133 2773 987 2847; baseline 0.006 -23"><span class='ocrx_word' id='word_1_222' title='bbox 133 2773 294 2843; x_wconf 88' lang='lat' dir='ltr'>Prosequar,</span> <span class='ocrx_word' id='word_1_223' title='bbox 313 2777 342 2827; x_wconf 84' lang='lat' dir='ltr'>et</span> <span class='ocrx_word' id='word_1_224' title='bbox 360 2775 430 2828; x_wconf 89' lang='lat' dir='ltr'>raris</span> <span class='ocrx_word' id='word_1_225' title='bbox 448 2775 573 2830; x_wconf 87' lang='lat' dir='ltr'>habitata</span> <span class='ocrx_word' id='word_1_226' title='bbox 591 2776 709 2847; x_wconf 87' lang='lat' dir='ltr'>mapalia</span> <span class='ocrx_word' id='word_1_227' title='bbox 727 2775 824 2828; x_wconf 81' lang='lat' dir='ltr'>tectisl</span> <span class='ocrx_word' id='word_1_228' title='bbox 952 2795 987 2834; x_wconf 77' lang='lat' dir='ltr'>aa</span> 
     </span>
     <span class='ocr_line' id='line_1_36' title="bbox 133 2850 949 2920; baseline 0.006 -17"><span class='ocrx_word' id='word_1_229' title='bbox 133 2850 219 2920; x_wconf 85' lang='lat' dir='ltr'>Saepe</span> <span class='ocrx_word' id='word_1_230' title='bbox 237 2851 310 2904; x_wconf 87' lang='lat' dir='ltr'>diem</span> <span class='ocrx_word' id='word_1_231' title='bbox 328 2856 491 2920; x_wconf 85' lang='lat' dir='ltr'>noctemque</span> <span class='ocrx_word' id='word_1_232' title='bbox 509 2856 537 2906; x_wconf 91' lang='lat' dir='ltr'>et</span> <span class='ocrx_word' id='word_1_233' title='bbox 556 2857 644 2906; x_wconf 86' lang='lat' dir='ltr'>totum</span> <span class='ocrx_word' id='word_1_234' title='bbox 663 2869 697 2904; x_wconf 84' lang='lat' dir='ltr'>ex</span> <span class='ocrx_word' id='word_1_235' title='bbox 716 2852 811 2904; x_wconf 90' lang='lat' dir='ltr'>ordine</span> <span class='ocrx_word' id='word_1_236' title='bbox 829 2867 949 2908; x_wconf 82' lang='lat' dir='ltr'>mensem</span> 
     </span>
     <span class='ocr_line' id='line_1_37' title="bbox 134 2926 883 2996; baseline 0.001 -19"><span class='ocrx_word' id='word_1_237' title='bbox 134 2927 259 2980; x_wconf 87' lang='lat' dir='ltr'>Pascitur</span> <span class='ocrx_word' id='word_1_238' title='bbox 275 2928 353 2996; x_wconf 88' lang='lat' dir='ltr'>itque</span> <span class='ocrx_word' id='word_1_239' title='bbox 371 2945 453 2996; x_wconf 88' lang='lat' dir='ltr'>pecus</span> <span class='ocrx_word' id='word_1_240' title='bbox 471 2929 552 2995; x_wconf 88' lang='lat' dir='ltr'>longa</span> <span class='ocrx_word' id='word_1_241' title='bbox 570 2929 597 2980; x_wconf 90' lang='lat' dir='ltr'>in</span> <span class='ocrx_word' id='word_1_242' title='bbox 617 2928 727 2981; x_wconf 88' lang='lat' dir='ltr'>deserta</span> <span class='ocrx_word' id='word_1_243' title='bbox 745 2927 803 2979; x_wconf 88' lang='lat' dir='ltr'>sino</span> <span class='ocrx_word' id='word_1_244' title='bbox 820 2926 883 2978; x_wconf 88' lang='lat' dir='ltr'>ullis</span> 
     </span>
    </p>
   </div>
   <div class='ocr_carea' id='block_1_4' title="bbox 40 3002 948 3224">
    <p class='ocr_par' dir='ltr' id='par_1_4' title="bbox 40 3002 948 3224">
     <span class='ocr_line' id='line_1_38' title="bbox 134 3002 853 3072; baseline 0.004 -21"><span class='ocrx_word' id='word_1_245' title='bbox 134 3002 281 3069; x_wconf 87' lang='lat' dir='ltr'>ilospitiis:</span> <span class='ocrx_word' id='word_1_246' title='bbox 299 3008 407 3057; x_wconf 89' lang='lat' dir='ltr'>tantum</span> <span class='ocrx_word' id='word_1_247' title='bbox 425 3005 514 3072; x_wconf 90' lang='lat' dir='ltr'>campi</span> <span class='ocrx_word' id='word_1_248' title='bbox 532 3004 609 3057; x_wconf 86' lang='lat' dir='ltr'>iacet.</span> <span class='ocrx_word' id='word_1_249' title='bbox 646 3003 744 3056; x_wconf 89' lang='lat' dir='ltr'>Omnia</span> <span class='ocrx_word' id='word_1_250' title='bbox 763 3019 853 3055; x_wconf 90' lang='lat' dir='ltr'>secum</span> 
     </span>
     <span class='ocr_line' id='line_1_39' title="bbox 134 3077 844 3146; baseline 0.003 -20"><span class='ocrx_word' id='word_1_251' title='bbox 134 3079 324 3131; x_wconf 86' lang='lat' dir='ltr'>Armentarius</span> <span class='ocrx_word' id='word_1_252' title='bbox 343 3079 412 3132; x_wconf 79' lang='lat' dir='ltr'>Afer</span> <span class='ocrx_word' id='word_1_253' title='bbox 430 3079 494 3146; x_wconf 83' lang='lat' dir='ltr'>agit,</span> <span class='ocrx_word' id='word_1_254' title='bbox 513 3082 672 3146; x_wconf 91' lang='lat' dir='ltr'>tectumque</span> <span class='ocrx_word' id='word_1_255' title='bbox 691 3077 844 3144; x_wconf 89' lang='lat' dir='ltr'>Laremque</span> 
     </span>
     <span class='ocr_line' id='line_1_40' title="bbox 40 3151 948 3224; baseline 0.009 -24"><span class='ocrx_word' id='word_1_256' title='bbox 40 3215 56 3224; x_wconf 59' lang='lat'><em>„</em></span> <span class='ocrx_word' id='word_1_257' title='bbox 134 3151 274 3219; x_wconf 84' lang='lat' dir='ltr'>Armaque</span> <span class='ocrx_word' id='word_1_258' title='bbox 294 3155 526 3222; x_wconf 83' lang='lat' dir='ltr'>Amyclaeumque</span> <span class='ocrx_word' id='word_1_259' title='bbox 544 3169 638 3207; x_wconf 89' lang='lat' dir='ltr'>canem</span> <span class='ocrx_word' id='word_1_260' title='bbox 658 3153 838 3219; x_wconf 84' lang='lat' dir='ltr'>Cressamque</span> <span class='ocrx_word' id='word_1_261' title='bbox 855 3157 948 3220; x_wconf 87' lang='lat' dir='ltr'>phare-</span> 
     </span>
    </p>
   </div>
   <div class='ocr_carea' id='block_1_5' title="bbox 0 0 1082 3518">
    <p class='ocr_par' dir='ltr' id='par_1_5' title="bbox 0 0 1082 3518">
     <span class='ocr_line' id='line_1_41' title="bbox 0 0 1082 3518; baseline 0 1"><span class='ocrx_word' id='word_1_262' title='bbox 0 0 1082 3518; x_wconf 95' lang='lat' dir='ltr'> </span> 
     </span>
    </p>
   </div>
  </div>
 </body>
</html>
