2174 3502
435 163 613 212 AENEID().'
635 163 703 213 LIB.
724 163 756 212 V.
949 166 993 215 177

138 243 275 310 Ducebat,
294 244 332 296 sic
350 259 413 296 acer
431 259 499 310 equo
516 243 628 296 turbata
645 246 742 312 petivit
939 232 953 252 '

138 321 247 386 Castra,
264 335 314 373 nec
333 319 472 372 exanimes
489 324 603 387 possunt
622 321 742 375 retinere
760 323 890 390 magistri.

137 396 206 460 Quis
219 396 296 450 furor
309 397 363 449 iste
374 397 476 449 novusi
491 413 546 464 quo
557 413 636 461 nunc,
649 414 704 466 quo
716 399 838 466 tenditis,
848 399 946 469 inquit,
958 414 994 455 ora

137 472 205 526 Heu
224 472 341 526 miserae
359 473 448 525 eivesi
469 489 522 525 non
541 472 648 527 hostem
666 475 828 544 inimicaque
846 481 936 530 cestra

136 549 281 617 Argivom,
301 551 407 602 vestras
425 565 486 617 spes
503 550 590 602 uritis.
625 550 675 618 En,
692 567 743 620 ego
761 555 854 606 vester

138 627 276 680 Ascanius
284 624 433 693 !—galeam
451 628 516 678 ante
533 624 618 694 pedes
635 627 752 695 proiecit
768 628 885 698 inanem,

137 703 199 768 Qua
217 701 284 755 ludo
301 701 415 754 indutus
432 700 497 754 belli
515 702 659 756 simulacra
676 703 774 758 ciebat.

136 779 292 834 Adcelerat
309 777 389 830 simul
409 780 525 842 Aeneas,
543 777 623 831 simul
640 781 750 847 agmina
768 781 907 836 Teucrum.
956 799 995 860 οη

136 858 194 910 Ast
211 855 275 908 illae
294 852 403 906 diversa
421 857 497 906 metu
515 871 565 921 per
582 853 663 908 litora
680 857 781 924 passim

136 932 301 999 Diffugiunt,
318 929 454 997 silvasque
472 933 501 984 et
518 930 604 983 sicubi
622 947 738 986 concava
754 933 849 988 furtim

135 1010 210 1063 Saxa
227 1011 341 1076 petunt3
362 1005 439 1074 piget
455 1007 556 1075 incepti
576 1007 705 1078 lucisque,
723 1026 841 1078 suosque

134 1085 265 1138 Mutatno
283 1083 460 1150 adgnoscunt,
479 1099 645 1152 excussaque
663 1089 775 1154 pectore
794 1087 863 1141 Iuno
881 1092 930 1143 est

133 1160 193 1215 Sed
211 1177 265 1213 non
283 1159 385 1212 ideirco
403 1159 529 1213 flammae
546 1164 631 1229 atque
648 1163 774 1216 incendia
791 1163 857 1217 viris
954 1179 990 1217 oso

135 1237 293 1290 indomitas
311 1252 441 1304 posuere;
463 1235 518 1289 udo
536 1236 588 1289 sub
605 1238 704 1292 robore
721 1239 789 1293 vivit

134 1308 245 1375 Stuppa
262 1322 373 1359 vomens
390 1305 501 1360 tardum
519 1307 631 1373 fumum,
649 1307 794 1375 lentusque
811 1309 916 1362 carinas

133 1383 189 1435 Est
205 1399 296 1452 uapor,
315 1387 344 1436 et
363 1386 422 1436 toto
441 1383 584 1436 descendit
602 1400 716 1452 corpore
733 1385 826 1452 pestis,

133 1460 160 1512 N
164 1475 196 1512 cc
213 1459 286 1512 vires
303 1458 415 1512 heroum
432 1459 575 1526 infusaque
593 1460 704 1513 flumina
721 1473 841 1529 prosunt.

133 1535 206 1588 Tum
224 1535 285 1602 pius
304 1537 412 1592 Aeneas
431 1535 551 1588 humeris
570 1535 729 1591 abscindere
746 1540 859 1606 vestem,
952 1554 989 1594 ass

133 1612 304 1680 Auxilioque
322 1627 418 1665 vocare
436 1611 510 1678 deos,
529 1615 558 1664 et
576 1612 691 1666 tendere
709 1613 826 1682 palmas:

134 1689 264 1757 luppiter
282 1688 458 1756 omnipotens,
477 1689 499 1742 si
517 1688 637 1741 nondum
656 1706 754 1744 exosus
765 1691 808 1744 'ed
826 1707 910 1745 unum

132 1765 273 1828 Troianos,
290 1764 313 1818 si
332 1764 399 1832 quid
416 1765 505 1833 pietas
523 1764 635 1832 antiqua
652 1765 760 1820 labores

133 1841 260 1910 Respicit
277 1841 416 1907 humanos,
435 1840 471 1893 da
488 1840 624 1894 flammam
642 1841 759 1896 evadere
777 1843 854 1898 classi

131 1919 160 1971 N
163 1934 225 1982 unc,
244 1917 335 1984 Pater,
354 1922 383 1971 et
400 1918 490 1971 tennis
510 1917 642 1970 Teucrum
661 1935 706 1971 res
724 1918 800 1987 eripe
818 1921 880 1974 leta.
952 1935 988 1974 aso

134 1995 189 2048 Vel
207 1998 246 2062 tu,
265 1993 338 2062 quod
357 1999 489 2062 superest,
506 1994 606 2047 infesto
622 1994 734 2048 fulmine
752 1995 841 2061 morti,

132 2072 164 2126 si
182 2088 297 2138 mereor,
315 2070 438 2138 demitte,
456 2074 559 2138 tuaque
577 2069 621 2124 hie
639 2070 724 2124 obrue
742 2070 847 2124 dextra.

132 2148 190 2200 Vix
208 2147 275 2201 haec
293 2147 426 2212 ediderat,
444 2163 505 2200 eum
523 2147 614 2200 effusis
632 2146 766 2199 imbribus
783 2151 845 2200 atra

131 2224 294 2292 Tempestas
312 2224 369 2276 siue
386 2240 461 2276 more
480 2223 554 2289 furit,
573 2224 733 2291 tonitruque
752 2227 920 2279 tremescunt

133 2300 232 2354 Ardua
250 2305 385 2354 terrarum
404 2305 433 2353 et
451 2300 555 2367 carnpi;
574 2302 629 2354 ruit
647 2301 760 2354 aethere
778 2304 837 2354 toto
950 2320 985 2357 css

132 2376 272 2431 Turbidus
288 2376 377 2430 imber
395 2393 467 2445 aqrre
485 2376 632 2445 densisque
651 2379 813 2444 nigerrimus
831 2381 947 2445 austris:

134 2454 334 2522 Inplenturque
352 2469 434 2521 super
450 2471 571 2522 puppes;
591 2456 721 2508 semiusta
739 2455 899 2509 madescunt

133 2529 258 2596 ltobora3
280 2531 430 2584 restinctus
449 2530 535 2584 donec
554 2547 638 2600 vapor
656 2533 749 2598 omnis,
767 2537 795 2586 ct
814 2548 914 2599 omnes,

132 2606 271 2669 Quattuor
288 2608 402 2673 amissio,
421 2613 544 2661 servatae
563 2625 578 2660 a
596 2612 673 2676 peste
692 2609 805 2662 carinae.

167 2687 209 2737 At
226 2687 306 2752 pater
325 2685 441 2749 Aeneas,
460 2701 525 2737 nasu
543 2701 687 2738 concussus
706 2685 809 2744 acerbo,
950 2699 985 2738 roo

132 2761 156 2814 N
159 2777 212 2814 unc
230 2760 283 2814 hue
300 2761 427 2830 ingentis,
446 2778 517 2814 nnnc
535 2761 598 2815 illuc
617 2767 727 2830 pectore
746 2779 824 2816 curas

131 2835 262 2891 Mutabat
279 2854 398 2903 versans,
418 2838 550 2892 Siculisne
569 2839 703 2893 resideret
721 2840 799 2906 arvis,

130 2912 243 2968 Oblitus
261 2915 387 2983 fatorum,
407 2915 528 2968 Italasne
547 2921 701 2984 capesseret
719 2933 786 2969 oras.
889 2961 896 2972 .

130 2991 201 3044 Tum
219 2992 308 3046 senior
328 2992 442 3059 Nautes,
458 3009 543 3045 unum
562 2993 684 3046 Tritonia
704 2993 793 3044 Pallas

130 3067 220 3132 Quem
238 3068 331 3123 docuit
349 3069 491 3137 multaque
510 3070 641 3136 insignem
661 3067 783 3122 reddidit
802 3070 897 3119 erte-
948 3076 985 3120 tos

131 3144 210 3198 Haec
228 3163 359 3214 responsa
377 3145 469 3211 dabat,
487 3145 530 3198 vel
548 3162 619 3212 quae
636 3130 874 3212 portenderet'ira
952 3162 954 3166 ¹

132 3220 235 3289 Magna
254 3222 344 3286 doum,
363 3219 406 3273 vel
425 3233 496 3287 qnae
513 3220 632 3270 fatorum
650 3221 775 3284 posco-ret
793 3214 894 3267 ordo—
