2174 3502
99 135 145 183 186
332 134 360 181 P.
379 131 534 180 VERGILI
551 131 719 180 MARONIS

98 213 261 281 Contingct3
280 212 380 266 doceas
397 211 498 265 iteret
516 227 593 266 secra
610 214 681 268 ostie
699 214 813 282 pandas.

98 290 180 344 Illum
198 305 250 356 ego
267 305 318 358 per
335 289 458 342 flammas
475 291 505 342 et
522 287 596 341 mille
615 291 759 358 sequentia
777 291 835 348 tels
920 309 962 347 11⁰

96 365 191 435 llripui
209 365 252 418 his
269 364 398 432 humeris,
415 363 562 432 medioque
580 381 614 417 ex
632 365 711 419 hoste
730 366 837 436 recepi;

97 443 149 498 Ille
167 459 260 496 meum
277 441 423 514 comitatus
441 440 496 494 iter
514 441 600 494 meris
618 442 709 494 omnic
725 459 832 498 mecum

34 531 37 537 ·
97 521 193 589 Atque
212 518 300 572 omnis
319 516 465 586 pelagique
483 516 571 570 minas
589 517 712 586 caelique
729 518 844 589 ferebat,

67 593 71 601 “
97 595 246 662 Invelidus,
265 594 331 649 viris
349 593 424 646 ultra
442 596 600 661 sortemque
618 598 751 649 senectae.

98 671 178 741 Quin,
189 674 222 725 ut
234 675 264 725 te
276 669 392 739 supplex
403 673 528 738 peterem
541 672 570 722 et
581 673 631 722 tua
642 670 736 724 limine
747 671 861 740 adirem,
917 687 957 726 ns

98 747 178 803 Idem
196 763 277 801 orans
296 746 426 800 mcudcts
445 745 538 800 debet.
577 745 715 815 Gnatique
732 748 882 817 petrisque,

98 825 187 892 Alme,
205 840 308 894 precor,
327 823 458 876 miserere
467 827 586 892 ;-p0tes
603 839 722 892 nemque
738 824 836 892 omnis,
854 841 906 878 nec
924 828 956 878 te

98 901 273 970 Nequiquam
291 899 359 952 lucis
379 897 487 953 Hecate
505 899 639 966 praefecit
657 900 776 954 Auernis
783 920 826 966 3-

98 975 128 1030 Si
145 976 236 1045 potuit
255 976 345 1028 Manis
364 993 501 1030 arcessere
520 975 642 1043 coniugis
660 975 794 1045 Orpheus,

99 1051 223 1106 Threicio
239 1052 327 1106 fretus
346 1052 452 1106 cithero
470 1052 627 1120 fidibusque
645 1051 757 1120 cunonis,
917 1067 956 1106 rso

99 1127 129 1182 Si
146 1127 260 1182 fratrem
280 1127 377 1182 Pollux
395 1128 501 1182 alterna
517 1132 608 1182 morte
625 1128 750 1196 redemit,

99 1203 183 1273 Itque
200 1204 329 1272 reditque
347 1205 419 1257 viem
437 1205 545 1258 totiens.
582 1204 654 1269 Quid
672 1203 783 1272 Theseo,
801 1219 932 1272 magnum

100 1279 174 1345 Quid
187 1296 335 1334 memorem
351 1280 487 1334 Alcidenl
506 1284 536 1334 et
550 1281 589 1333 mi
603 1297 689 1348 genus
704 1279 739 1333 cb
755 1280 822 1334 love
836 1295 953 1334 summo.

134 1356 244 1410 Talibus
262 1355 359 1410 orabat
377 1356 466 1425 dictis,
485 1372 601 1423 arasque
619 1355 739 1423 tenebat,

100 1431 169 1486 Cum
187 1433 225 1486 sic
243 1448 305 1486 orsa
321 1432 397 1500 loqui
414 1436 505 1486 vetes:
526 1432 592 1485 Scte
610 1431 741 1499 sanguine
758 1431 858 1500 divom,
916 1447 954 1486 ms

99 1507 167 1562 'l'ros
188 1507 364 1576 Anchisiade,
382 1508 469 1561 facilis
488 1507 635 1562 descensus
654 1509 781 1572 Avern03

100 1583 201 1638 Noctes
218 1588 302 1653 etque
321 1583 380 1637 dies
397 1587 476 1652 patet
493 1584 547 1638 etri
565 1585 646 1638 ianus
663 1583 750 1648 Ditis3
811 1579 813 1582 ’

100 1659 155 1713 Sed
172 1676 300 1713 revocare
317 1659 434 1728 gradum
453 1676 620 1728 superasque
639 1657 757 1714 evadere
773 1658 811 1712 cd
827 1675 918 1724 curos,

100 1735 161 1788 Hoc
178 1752 253 1803 opus,
271 1735 317 1788 hic
334 1735 413 1788 labor
430 1739 480 1790 est.
517 1735 606 1801 Pauci,
625 1751 693 1804 quos
710 1751 814 1802 ceques
832 1736 936 1790 amarit

101 1812 232 1881 luppiter,
251 1815 300 1865 sut
318 1811 418 1865 ardens
436 1811 527 1866 evexit
545 1811 582 1865 ad
599 1811 711 1866 aethera
728 1811 823 1878 virtus,
916 1826 954 1869 rec

101 1887 151 1941 Dis
167 1887 254 1956 geniti
271 1891 395 1956 potuere.
431 1887 537 1942 Tenent
554 1887 646 1941 medic
664 1886 755 1940 omnic
772 1887 863 1954 silvae,

100 1963 269 2033 Cocytosque
287 1964 348 2018 sinu
365 1963 461 2018 labens
479 1963 656 2018 circumvenit
674 1966 743 2017 stro.

100 2039 180 2104 Quod
198 2041 221 2093 si
238 2043 333 2094 tentus
350 2056 428 2094 emor
445 2039 539 2106 menti,
558 2039 581 2092 si
599 2041 678 2092 tonte
695 2037 794 2106 cupide
811 2042 863 2105 est,

100 2115 149 2170 Bis
167 2116 275 2185 Stygios
292 2116 388 2170 innare
405 2116 487 2182 lacus,
504 2114 548 2168 bis
566 2116 645 2183 nigre
662 2114 757 2168 videre

100 2191 220 2260 Tartara,
238 2196 268 2246 et
285 2193 381 2246 insano
398 2193 474 2246 iuvet
491 2191 635 2258 indulgere
652 2190 747 2256 labori,
795 2196 797 2200 ’
912 2205 953 2244 uss

100 2268 211 2336 Accipe,
229 2285 300 2336 quae
318 2267 474 2337 peragenda
492 2267 575 2336 prius.
611 2266 694 2320 Latet
711 2265 810 2319 arbore
828 2281 912 2333 opscc

101 2343 210 2395 Aureus
228 2347 257 2396 et
274 2343 345 2396 foliis
363 2347 393 2396 et
411 2343 485 2396 lento
503 2343 602 2396 vimine
619 2357 719 2409 ramus,

101 2418 198 2471 Iunoni
216 2419 338 2472 infernae
358 2418 448 2472 dictus
467 2435 559 2484 socer3
577 2419 649 2471 hunc
666 2416 739 2484 tegit
756 2417 843 2470 omnis

100 2494 189 2548 Lucus
207 2498 236 2548 et
254 2494 376 2548 obscuris
394 2493 525 2549 claudunt
542 2491 708 2548 convallibus
725 2491 845 2546 umbrae.

99 2569 156 2624 Sed
173 2587 226 2624 non
244 2574 308 2625 ente
326 2571 409 2624 detur
427 2570 535 2624 telluris
552 2571 649 2638 operte
666 2567 766 2636 subire,
916 2581 954 2622 uo

100 2646 261 2700 Aurieomos
279 2663 362 2714 quem
381 2646 428 2714 qui
448 2645 616 2714 decerpserit
634 2643 732 2697 arbore
749 2644 830 2698 fetus

100 2721 161 2775 Hoc
179 2721 232 2775 sibl
249 2722 364 2790 pulchro
382 2739 460 2776 suum
478 2721 545 2776 ferri
564 2719 729 2788 Proserpina
744 2734 844 2773 munus

100 2798 234 2853 Instituit.
270 2797 363 2852 Primo
381 2798 472 2852 evolso
491 2814 545 2851 non
562 2796 658 2850 deficit
675 2795 746 2850 ulter

99 2874 216 2940 Aureus,
235 2877 264 2927 et
282 2874 363 2926 simili
381 2873 531 2928 frondescit
549 2873 627 2940 virga
645 2871 764 2925 metello.

67 3011 70 3016 ,
99 2947 172 3016 llrgo
190 2949 246 3003 alte
262 2949 369 3017 vestiga
387 2949 479 3016 cerulis,
497 2948 597 3002 etrite
615 2950 756 3016 repertum
915 2960 953 3003 14⁵

99 3022 188 3091 Carpe
203 3041 302 3089 menu3
320 3041 438 3093 nemque
455 3025 515 3092 ipse
531 3023 623 3076 volens
641 3023 783 3090 facilisque
801 3025 942 3092 sequetur,

99 3096 129 3148 Si
145 3101 176 3150 te
192 3098 250 3151 feta
267 3103 379 3165 vocent;
397 3100 479 3153 aliter
495 3115 550 3151 non
567 3097 669 3151 viribus
686 3097 750 3155 ullis

100 3168 225 3239 Vincere,
243 3191 294 3227 nee
312 3173 382 3228 duro
398 3174 503 3242 poteris
521 3173 673 3227 convellere
691 3172 774 3229 ferro.
