2172 3506
389 172 466 220 AEN
468 172 573 221 EIDOS
590 173 659 224 LIB.
678 176 729 224 XI.
929 181 974 226 303

120 252 249 307 edecus
269 251 367 305 ltaliae
387 249 472 317 virgo,
492 267 560 317 quas
577 250 669 306 dicere
686 257 795 320 grates,¹

120 329 228 394 Quaeve
247 327 351 380 referre
369 327 479 394 pareml
504 326 554 378 sed
571 343 650 396 nuuc,
669 333 711 382 est
729 331 820 384 omnia
837 329 947 399 quando

121 404 180 458 Iste
198 403 306 456 animus
324 419 414 470 supra,
432 419 538 456 mecum
557 404 661 472 partire
679 405 807 460 laborem.
940 421 975 459 sin

121 483 239 547 Aeneas,
257 482 290 532 ut
307 478 379 532 fama
397 478 480 532 fidem
500 479 629 548 missique
647 485 790 548 reportant

121 555 325 624 Exploratores,
345 555 469 624 equitum
489 555 558 608 levia
576 555 706 624 inprobus
723 573 799 611 arma

121 631 277 697 Praemisit,
296 633 443 700 quaterent
461 647 586 699 campos,
605 633 663 700 ipsc
682 632 769 686 ardua
786 634 887 688 montis

121 707 177 761 Per
194 707 305 761 deserte
322 707 386 774 iugo
405 723 536 776 superans
554 709 684 761 adventat
701 707 738 761 ad
754 708 857 764 urbem.

122 785 209 838 llurta
225 799 293 852 paro
311 783 376 837 belli
393 799 513 838 convexo
532 783 559 836 in
577 785 688 839 tramite
706 785 796 852 silvae,
938 802 972 842 us

122 861 162 914 Ut
180 860 268 913 bivias
287 863 393 914 arnrato
412 860 535 914 obsidam
554 860 642 914 milite
659 861 761 915 fauces.

121 937 162 990 'lu
181 935 348 1004 Tyrrhenum
367 936 488 1004 equitem
506 935 612 990 collatis
631 937 725 1004 excipe
743 937 841 1006 signis;

121 1013 222 1065 'lecum
239 1026 303 1065 acer
320 1012 463 1079 Messapus
482 1013 542 1078 erit,
562 1017 723 1082 turmaeque
742 1013 864 1080 Latinae,

121 1087 284 1157 Tiburtique
301 1105 411 1151 manaim
431 1088 508 1142 ducis
527 1093 556 1142 et
573 1092 604 1141 tu
622 1090 732 1157 concipe
751 1105 850 1143 curam.

121 1164 168 1218 Sic
184 1165 231 1231 ait,
250 1167 279 1217 et
296 1163 408 1232 paribus
427 1165 584 1232 Messapum
602 1165 630 1217 in
648 1165 751 1233 proelia
769 1165 850 1220 dictis
939 1181 975 1218 aaa

122 1241 260 1294 Hortatur
279 1240 419 1308 sociosque
437 1239 528 1308 duces,
546 1245 575 1294 et
592 1241 683 1309 pergit
700 1242 727 1294 in
745 1241 859 1294 hostem.

122 1317 175 1370 Est
192 1333 274 1370 curvo
291 1315 416 1369 anfractu
434 1316 525 1382 valles,
543 1317 721 1369 adcommoda
737 1317 825 1369 fraudi

124 1396 326 1461 Armorumque
343 1392 421 1457 dolis,
440 1409 522 1460 quam
540 1392 632 1445 densis
649 1391 790 1444 frondibus
807 1397 897 1446 atrum

122 1467 234 1535 Urguet
252 1467 391 1536 utrimque
409 1468 488 1535 latus,
506 1469 667 1535 tenuisque
686 1467 783 1522 semita
801 1469 876 1523 ducit

123 1545 322 1612 Angrrstaeque
339 1545 433 1598 ferunt
448 1544 542 1598 fauces
560 1543 706 1612 aditusque
723 1545 840 1612 maligni.
937 1561 974 1600 aas

123 1620 207 1674 Hanc
224 1637 306 1688 super
324 1621 351 1672 in
370 1620 487 1689 speculis
506 1636 665 1688 summoque
683 1619 711 1672 in
728 1621 831 1674 vertice
849 1622 950 1676 montis

124 1695 255 1750 Planities
273 1695 367 1764 ignota
384 1697 462 1763 iacet,
481 1697 590 1765 tutique
609 1713 738 1764 recessus,

123 1772 181 1826 Seu
199 1771 298 1826 dextra
316 1772 447 1840 laevaque
465 1772 532 1826 velis
550 1789 692 1826 occurrere
709 1789 823 1840 pugnae,

123 1847 189 1901 Sive
205 1847 309 1902 instare
327 1847 398 1916 iugis
417 1852 446 1902 et
463 1848 579 1916 grandia
596 1848 704 1902 volvere
722 1865 793 1902 saxa.

123 1923 190 1977 Huc
206 1924 311 1978 iuvenis
328 1929 394 1978 uota
411 1925 501 1978 fertur·
519 1925 629 1992 regione
646 1925 757 1989 viarum,
938 1939 974 1980 cao

125 1999 306 2068 Arripuitque
324 2000 411 2054 locum
431 2004 460 2054 et
478 2000 552 2054 silvis
570 2000 670 2054 insedit
688 2001 793 2068 iniquis.

160 2074 287 2129 Velocem
305 2076 412 2130 interea
430 2077 535 2144 superis
553 2077 581 2130 iu
599 2076 710 2130 sedibus
729 2075 816 2144 Opim,

125 2148 214 2202 Unam
233 2166 267 2202 ex
285 2150 436 2218 virginibus
454 2152 532 2204 sociis
551 2167 680 2220 sacraque
698 2156 814 2217 caterua,

124 2225 314 2294 Compellabat
332 2231 361 2280 et
378 2227 427 2281 has
445 2228 535 2282 tristis
553 2229 669 2282 Latonia
686 2245 765 2282 voces

124 2301 180 2356 Ore
198 2301 295 2357 dabat:
314 2303 446 2358 Graditur
465 2303 566 2358 bellurn
584 2304 619 2358 ad
638 2305 748 2359 crudele
767 2305 886 2373 Oanrilla
938 2321 973 2362 sec

124 2378 148 2431 Ο
168 2379 252 2447 virgo,
271 2383 299 2434 ct
317 2380 418 2433 nostris
437 2381 602 2450 nequiquam
620 2382 738 2450 cingitur
756 2382 845 2449 arinis,

125 2455 195 2508 Cara
212 2455 279 2508 mihi
297 2460 361 2510 ante
379 2456 453 2510 alins.
491 2457 588 2527 Neque
607 2459 678 2512 enim
696 2474 781 2510 novus
798 2458 850 2510 iste
870 2459 973 2512 Dianae

125 2530 211 2584 Venit
228 2547 311 2598 amor,
331 2531 478 2602 subitaque
495 2534 615 2588 animum
634 2533 777 2586 dulcedine
795 2535 889 2586 movit.

126 2605 223 2660 Pulsus
240 2606 276 2659 ob
293 2607 423 2660 invidiam
441 2626 525 2677 regno
542 2611 663 2679 virisque
681 2607 812 2677 superbas

125 2681 255 2736 Priverno
274 2684 388 2751 antiqua
406 2685 535 2739 Metabus
553 2702 614 2739 cum
633 2684 779 2740 excederet
796 2683 873 2752 urbe,
937 2699 973 2738 eso

125 2758 262 2812 Infantem
279 2757 386 2827 fugiens
404 2761 496 2814 media
512 2761 586 2816 inter
602 2761 706 2831 proelia
723 2759 788 2814 belli

123 2834 241 2888 Sustulit
259 2835 354 2888 exsilio
372 2837 508 2904 comitem,
526 2839 677 2908 matrisque
694 2838 801 2890 uocauit

123 2910 240 2964 Nomine
259 2911 410 2981 Casmillae,
428 2917 534 2968 mutata
551 2918 637 2982 parte,
657 2912 805 2967 Camillam.

124 2985 188 3054 lpse
206 2986 268 3040 sinu
285 3005 351 3056 prae
369 3005 399 3042 se
416 2993 528 3058 portans
546 2990 609 3056 iuga
626 2989 707 3056 longa
724 2987 837 3054 petebat

123 3060 247 3116 Selorum
265 3080 421 3131 nemorum;
438 3066 495 3120 tela
512 3065 634 3134 undique
651 3081 732 3118 saeva
750 3061 919 3132 premebant,
937 3077 973 3118 tls

123 3135 161 3191 Et
177 3138 339 3193 circumfuso
357 3142 508 3197 volitabant
525 3142 614 3196 milite
631 3140 730 3193 Volsci.

122 3211 201 3281 Eece,
218 3215 300 3284 bigae
317 3217 416 3284 medio,
434 3221 545 3273 summis
565 3221 719 3272 Amasenus
736 3212 877 3270 abundans
