2154 3518
17 109 31 124 ³
107 159 139 208 18
336 155 363 202 P.
385 155 536 203 VERGILI
554 155 685 204 MARON
688 155 721 206 IS

107 236 203 305 Incipe
220 234 371 289 Maenalios
390 251 504 302 mecum,
522 252 584 290 mea
602 236 679 306 tibia,
696 252 800 292 vereris.

107 311 133 364 N
135 328 187 365 unc
205 315 234 366 et
251 311 309 364 ovis
328 311 402 364 ultro
420 312 507 379 fugiat
524 312 612 380 lupus,
632 330 714 366 aurca
733 314 819 370 dinae
888 361 890 368 .

107 387 181 440 Mala
199 388 289 440 ierant
307 404 429 455 quercus,
449 389 569 442 narcisso
588 389 684 444 floreat
702 391 788 460 alnas,

108 463 221 532 Pinguia
239 463 386 518 corticibus
404 465 505 518 sudent
524 466 627 521 electra
645 469 770 535 myricae,
895 527 899 534 ,

107 541 222 595 Certent
239 544 268 594 et
286 544 375 608 cycnis
394 540 491 607 ululae,
512 543 547 595 sit
566 542 675 610 Tityrus
694 543 829 612 Orpheus,
936 562 964 602 et

107 617 233 686 Orpheus
251 617 278 669 in
297 617 378 680 silvis,
398 618 469 672 inter
488 618 630 687 delphinas
651 620 744 685 Arion,

107 695 210 761 (Incipe
231 694 381 747 Maenalios
400 711 513 761 mecum,
533 712 593 748 mea
612 695 686 762 tibia,
705 698 808 762 versus)

106 770 204 822 Omnia
221 768 263 822 vol
282 769 403 822 medium
421 771 488 832 fiant
506 787 588 824 mare.
626 772 725 838 Vivite,
745 772 844 826 silvae:
902 803 906 811 -

106 845 240 915 Praeceps
259 845 326 898 aerii
344 847 453 914 specula
471 847 507 900 de
524 847 626 900 montis
643 848 671 900 ia
689 849 776 901 undas

104 923 239 986 Deserar3
258 927 412 984 extremum
430 922 480 994 hoc
497 940 595 976 munus
612 924 752 977 morientis
770 925 877 980 habete.
935 941 962 980 to

104 999 206 1052 Desine
225 999 382 1065 Maenalios,
401 999 455 1052 iam
473 998 577 1068 desine,
595 999 670 1068 tibia,
688 1017 789 1054 versus.

140 1076 217 1129 Haec
235 1077 360 1138 Damon;
378 1091 432 1143 vos,
451 1093 521 1144 quae
539 1076 713 1146 responderit
731 1077 940 1146 Alphesiboeus,

104 1151 203 1220 Dicite,
222 1152 365 1217 Pieridcs;
383 1168 436 1204 non
455 1154 544 1206 omnia
561 1169 704 1221 possumus
722 1171 822 1208 omnes.

137 1230 173 1282 A.
193 1229 267 1283 hiller
284 1245 390 1298 nquam,
409 1231 439 1282 et
456 1229 530 1282 molli
548 1229 626 1297 cinge
645 1230 710 1284 haec
729 1230 826 1283 altaria
844 1231 920 1297 vitta,

105 1305 301 1374 verbenasque
319 1306 398 1359 adole
415 1305 524 1374 pinguis
543 1310 572 1359 ct
589 1306 709 1359 mascula
728 1310 806 1361 tina:
933 1326 958 1360 ez

105 1383 232 1451 Coniugis
249 1388 282 1437 ut
300 1383 411 1450 magicis
429 1400 509 1436 sanos
527 1386 652 1436 avertere
672 1383 754 1435 sacris
977 1379 981 1388 '

105 1459 237 1528 Experiar
255 1477 367 1522 scnsus;
386 1458 451 1511 nihil
470 1458 513 1512 hic
531 1459 582 1511 nisi
602 1459 721 1512 carmina
740 1460 847 1515 desunt.

105 1535 204 1590 Ducite
216 1535 251 1588 ab
264 1536 332 1588 urhe
346 1535 463 1598 domum,
476 1551 536 1586 mea
548 1535 675 1601 carmina,
689 1536 781 1589 ducite
790 1537 937 1605 Daphnim.

105 1611 232 1664 Carmina
248 1611 291 1664 vel
310 1611 383 1662 caelo
401 1614 516 1676 possunt
535 1609 671 1664 deducere
691 1611 811 1678 huniam3

105 1687 276 1742 Carminibus
296 1687 373 1739 Circe
392 1687 477 1738 socios
496 1686 612 1739 mutavit
632 1686 721 1754 Ulixi;
932 1705 958 1744 so

105 1762 233 1832 Frigidus
251 1764 278 1816 in
297 1763 382 1832 pratis
400 1762 535 1816 cantando
555 1765 691 1832 rumpitur
710 1766 812 1832 anguis,

107 1841 204 1894 Ducite
216 1839 250 1892 ab
262 1839 331 1892 urbe
344 1839 460 1905 domum,
473 1855 534 1892 mea
547 1840 673 1907 carmina,
687 1840 778 1894 ducite
792 1842 935 1910 Daphnim.

105 1917 192 1970 Tema
210 1916 261 1971 tibi
279 1916 346 1968 haec
363 1915 481 1983 primum
501 1916 601 1984 triplici
622 1917 728 1970 diversa
746 1918 836 1972 colore

105 1993 180 2047 Licia
197 1992 343 2060 circumdo,
360 1995 458 2061 terque
476 1992 542 2046 haec
561 1993 657 2046 altaria
675 1994 776 2046 circum

105 2071 229 2138 Effigiem
247 2069 333 2134 duco;
350 2085 463 2123 numero
483 2069 551 2124 deus
568 2071 663 2140 inpare
682 2070 792 2138 gaudet.
932 2086 956 2125 75

103 2149 215 2218 [Ducite
227 2146 261 2198 ab
273 2145 341 2199 urbo
354 2145 472 2214 domum,
486 2165 547 2200 mea
559 2147 685 2214 carmina,
695 2147 786 2201 ducite
798 2147 957 2217 Daphnim]

104 2226 130 2279 N
132 2228 191 2278 ecto
208 2223 296 2276 tribus
313 2221 391 2275 nodis
410 2227 511 2290 ternos,
531 2224 670 2291 Amarylli,
689 2224 809 2290 ooiorcs;

106 2302 199 2368 Necte,
220 2297 357 2364 Arenarylli,
376 2298 464 2362 modo,
483 2303 519 2365 ct,
540 2299 664 2365 Veneris,
681 2299 732 2366 dic,
747 2301 852 2356 vincula
869 2308 958 2357 necto.

105 2377 203 2430 Ducite
215 2374 249 2426 ab
261 2373 328 2425 urhe
342 2372 461 2440 domum,
474 2391 535 2426 mea
547 2375 673 2442 camnine,
689 2375 780 2427 ducite
799 2377 944 2446 Daphnim.

106 2453 197 2507 Limus
215 2457 246 2504 ut
264 2449 307 2502 hic
325 2448 446 2501 durescit
466 2453 495 2502 ot
513 2449 580 2502 haec
599 2453 631 2502 ut
649 2467 712 2502 cera
730 2449 855 2516 liquescit
933 2472 958 2507 so

105 2531 166 2584 Uno
184 2527 334 2594 eodemque
352 2525 416 2592 igni,
435 2526 473 2578 sic
491 2529 585 2578 nostro
606 2526 728 2594 Daphnis
747 2541 844 2578 amore.

105 2607 209 2675 Sparge
224 2602 331 2668 molam,
350 2606 378 2655 et
396 2602 499 2668 fragilis
520 2603 634 2656 incende
653 2600 787 2654 bitumine
805 2600 904 2654 laurus.

105 2681 227 2750 Daphnis
240 2697 283 2733 mc
296 2680 382 2731 malus
394 2678 457 2744 urit,
472 2697 522 2746 ego
534 2679 604 2733 hanc
616 2680 643 2732 in
659 2678 804 2747 Daphnide
816 2677 928 2732 laurum.

106 2759 203 2811 Ducite
216 2758 250 2812 ab
264 2757 332 2810 urbo
345 2757 462 2826 domum,
476 2777 536 2812 mea
549 2758 676 2826 carmina,
691 2755 782 2810 ducite
796 2757 939 2827 Daphnim.

106 2835 177 2887 Talis
195 2851 270 2888 amor
289 2833 432 2904 Daphnim,
453 2835 621 2905 qualiscum
640 2835 712 2891 fessa
729 2838 870 2892 iuvencum
934 2853 958 2891 ss

107 2909 161 2963 Per
178 2928 288 2964 nemora
305 2916 389 2980 atque
407 2915 475 2968 altos
496 2918 651 2984 quaerendo
671 2917 769 2971 bucula
786 2917 859 2970 lucos

107 2985 224 3053 Propter
241 3003 328 3056 aquae
346 2989 433 3044 rivum
452 2993 533 3045 viridi
553 2995 708 3061 procumbit
727 2995 754 3047 in
772 2994 842 3061 ulva,

108 3060 227 3128 Perdita,
246 3079 295 3116 nee
314 3080 390 3118 serae
407 3069 532 3124 meminit
550 3070 683 3124 decedere
703 3072 785 3140 nocti,

107 3136 178 3190 Talis
196 3155 272 3192 amor
290 3143 391 3211 teneat,
409 3161 459 3199 nee
477 3146 513 3199 sit
531 3146 597 3200 mihi
615 3165 680 3200 cura
698 3149 810 3202 mederi.
932 3157 956 3196 8⁹

110 3211 206 3268 Ducite
217 3215 251 3268 ab
264 3217 331 3269 urbe
344 3219 462 3289 domum,
474 3241 535 3277 mea
548 3226 673 3280 earmina.
687 3226 779 3277 ducite
793 3222 937 3298 Daphnim.
