2152 3506
328 389 358 440 P.
385 389 539 440 VERGILI
557 389 722 440 MARONIS

296 555 339 630 A
365 555 399 630 E
423 555 463 628 N
488 555 522 627 E
549 555 570 626 1
598 555 635 627 D
664 555 698 630 O
725 555 752 630 S

378 731 494 786 mnan
527 729 677 784 omnus

479 881 579 904 -—0-

105 1001 195 1052 Anna
213 997 354 1063 uirumque
372 1012 447 1060 cano,
466 997 561 1049 'l'roiae
580 1000 625 1064 qni
644 999 745 1065 prinus
763 999 797 1050 ab
815 999 870 1052 on's

105 1075 221 1140 Italiam,
239 1073 297 1124 sato
315 1072 452 1140 profugus,
472 1071 626 1140 Lavinaque
644 1074 716 1128 verrit

105 1151 206 1216 Litora,
225 1149 340 1200 multum
358 1148 404 1200 illo
422 1153 450 1201 et
468 1150 549 1202 terris
566 1149 682 1202 iactatus
700 1154 729 1203 et
747 1151 800 1203 alto

104 1228 140 1281 Vi
159 1245 294 1296 superum,
312 1242 407 1280 saeuae
425 1242 573 1278 memorem
592 1226 702 1278 iunonis
719 1227 754 1279 ob
771 1228 844 1293 iram,

105 1305 194 1358 Multa
212 1322 319 1374 quoqne
338 1308 367 1356 et
383 1303 455 1356 bello
473 1320 575 1372 passus,
593 1303 658 1356 dum
674 1303 805 1356 conderet
819 1305 931 1371 urbem,
949 1321 964 1360 ε

106 1382 279 1450 inferretque
298 1382 363 1436 deos
383 1381 469 1446 Latio¹
487 1397 572 1447 genus
590 1379 662 1432 unde
681 1379 806 1433 Latinum

106 1459 260 1529 Albanique
277 1463 371 1527 patres
388 1461 471 1526 atque
489 1457 562 1510 altae
580 1456 685 1510 moenia
703 1457 811 1509 Itomae.

140 1536 225 1603 Musa,
244 1536 309 1589 mihi
326 1551 433 1590 caussas
451 1550 578 1601 memora,
598 1549 650 1600 qno
668 1533 777 1586 numine
794 1531 876 1596 laeso,

105 1614 210 1678 Quidve
229 1613 330 1678 dolena,
348 1612 443 1679 regina
460 1611 541 1664 deum
559 1614 602 1664 tot
620 1611 729 1663 volvere
747 1625 822 1662 casus

106 1691 244 1758 Insignem
262 1690 365 1758 pietate
382 1689 477 1758 virum,
488 1689 530 1742 tot
547 1687 623 1740 adiro
641 1685 748 1740 labores
836 1736 838 1745 ,
935 1701 963 1739 10

106 1767 246 1835 inpulerit.
282 1765 421 1818 Tantaene
439 1764 533 1817 animis
551 1763 714 1818 caelestibus
731 1763 805 1815 iraoi
831 1774 835 1794 ¹

139 1919 212 1972 Urbs
230 1922 343 1989 antiqua
360 1920 419 1987 suit,
438 1919 510 1986 Tyrii
527 1921 641 1971 tenuere
660 1917 752 1983 coloni,

105 1997 254 2066 Karthago,
275 1997 384 2050 Italiam
402 2000 497 2050 eontra
514 1994 694 2062 Tiberinaque
711 1992 791 2061 longo

104 2075 188 2142 Ostia,
207 2075 283 2128 dives
301 2090 382 2142 opum
401 2073 553 2140 studiisque
571 2071 720 2140 asperrima
738 2069 799 2122 beili
805 2088 813 2132 ;

104 2152 190 2216 Quam
210 2152 278 2204 Iuno
296 2151 384 2205 fertur
402 2151 482 2204 terris
499 2148 587 2216 magis
605 2147 728 2200 omnibus
746 2162 827 2199 unam
935 2162 962 2202 15

107 2227 264 2280 Posthabito
280 2227 395 2280 coluisse
414 2227 509 2291 Samo;
526 2225 570 2277 hie
587 2225 659 2277 illius
676 2241 758 2292 amaa,

103 2305 157 2356 Hie
174 2320 269 2356 currus
286 2303 353 2366 iuit3
370 2303 422 2355 hoc
440 2319 555 2372 regnum
573 2302 626 2354 dea
643 2301 771 2369 gentibus
788 2314 855 2363 esse,

102 2381 130 2434 Si
149 2397 202 2448 qna
219 2381 278 2433 fata
296 2380 393 2445 sinant,
410 2381 465 2432 iam
483 2383 543 2432 tum
562 2379 709 2446 tenditque
727 2378 860 2444 fovetque

103 2456 264 2524 Progeniem
282 2457 331 2509 sed
349 2457 420 2510 enim
439 2456 553 2509 Troiano
572 2473 588 2508 a
607 2456 736 2522 sanguine
754 2452 816 2506 duei

102 2534 245 2602 Audierat,
264 2535 355 2603 'syrias
374 2534 438 2587 olim
457 2552 525 2602 quae
545 2537 669 2586 verteret
687 2549 776 2597 arces;
933 2542 962 2581 ao

103 2611 174 2664 Hine
192 2612 320 2680 populum
338 2612 393 2664 late
411 2628 506 2679 regem
524 2610 651 2677 belloque
670 2609 816 2678 superbum

103 2687 255 2740 Venturum
274 2687 394 2740 exscidia
413 2688 529 2756 Libyae:
549 2687 587 2739 sie
605 2687 715 2740 volvere
734 2685 838 2736 Parcas

103 2764 137 2816 Id
154 2768 280 2817 metuens
298 2764 453 2834 veterisque
471 2781 577 2818 memor
596 2763 726 2817 Saturnia
744 2759 814 2825 belii,

102 2840 193 2893 Prima
211 2840 284 2910 quod
303 2840 338 2893 ad
357 2841 464 2894 Troiam
482 2858 532 2910 pro
550 2841 621 2892 caris
638 2842 764 2907 gesserat
783 2833 903 2902 Argis-

103 2916 226 2970 Necdum
244 2918 326 2970 etiam
345 2935 455 2970 caussae
472 2918 575 2969 irarum
594 2917 723 2982 saevique
742 2914 848 2966 dolores
931 2923 958 2964 aa

103 2991 268 3045 Exciderant
287 2995 388 3046 animo:
406 2995 499 3044 manet
517 2991 574 3044 alta
591 2994 683 3044 monte
701 2993 841 3057 repostum

104 3063 237 3118 Indicium
256 3068 360 3120 Paridis
379 3071 543 3135 spretaeque
560 3065 660 3116 iniuria
676 3065 786 3131 formas,

104 3138 139 3189 Et
157 3153 243 3201 genus
259 3141 380 3204 invisum,
398 3144 427 3194 et
444 3140 518 3204 rapti
536 3138 701 3199 Ganymedis
718 3138 849 3199 honorem
