2154 3518
111 167 142 216 10
348 165 377 212 P.
396 164 550 212 VERGILI
568 164 734 214 MARONIS

111 245 213 312 Incipe,
231 263 313 314 parve
331 261 413 314 puer:
432 245 475 298 cui
492 261 546 297 non
564 245 650 299 risere
667 250 803 315 parentes,

110 323 135 374 N
138 338 168 373 ec
188 322 255 372 deus
273 321 343 373 hunc
362 337 462 387 mensa,
481 320 534 374 des
552 337 602 374 nec
620 322 733 392 dignata
752 322 834 375 cubili
852 325 902 377 cst

393 477 601 537 seneca
630 449 774 582 vitri
812 439 815 444 ’

448 581 620 648 narseus.
667 583 676 610 τ

378 688 533 727 Marandis.
570 689 683 728 Morsus.

109 767 165 821 Me.
185 768 246 822 (lua
258 784 319 835 non,
332 768 437 835 Mopse,
449 767 513 819 boni
528 768 655 833 quoniam
668 771 844 834 convenimus
856 771 944 834 ambo,

110 845 150 896 'lu
168 845 284 897 calamos
302 843 397 895 inflare
415 843 490 909 levis,
509 859 559 909 ego
578 843 669 897 dicere
687 861 788 910 versus,

110 919 164 972 Hic
182 919 279 987 corylis
297 919 397 970 mixtas
414 918 487 970 inter
505 918 669 971 considimus
687 919 790 973 ulmos'l

108 995 165 1048 Mc.
185 996 226 1048 Tu
244 995 343 1059 maior3
362 992 413 1046 tibi
431 1011 475 1046 me
490 996 533 1046 est
545 1007 779 1064 aequumparere,
793 997 924 1063 Menalca,

109 1073 171 1125 Sive
190 1072 240 1124 sub
258 1071 377 1123 incertas
395 1070 525 1137 Zephyris
542 1070 710 1124 motantibus
728 1071 846 1139 umbras,
948 1090 961 1127 s

109 1148 171 1201 Sive
190 1151 269 1200 antro
287 1146 378 1214 potius
398 1145 574 1200 succedimus.
611 1148 722 1215 Aspice,
740 1151 774 1201 ut
791 1151 899 1202 antrum

109 1223 246 1278 Silvestris
264 1223 333 1274 raris
353 1223 454 1292 sparsit
471 1221 596 1275 labrusca
614 1224 735 1277 racemis.
965 1288 969 1293 ¹

107 1301 162 1354 Me.
182 1298 323 1352 Montibus
341 1300 369 1351 in
387 1300 487 1353 nostris
507 1299 579 1352 solus
597 1299 648 1351 tibi
667 1303 755 1353 certat
774 1302 915 1368 Amyntas.

107 1378 164 1430 Mc.
186 1377 264 1444 Quid,
284 1375 306 1427 si
325 1375 398 1428 idem
412 1379 500 1430 certet
513 1372 654 1428 Phoebum
668 1391 797 1443 superare
809 1376 946 1430 canendo?

106 1454 162 1507 Mc.
185 1455 285 1522 Incipe,
306 1454 409 1521 Mopse,
429 1455 510 1521 prior,
526 1452 547 1503 si
560 1469 628 1520 quos
640 1455 689 1504 aut
702 1451 834 1520 Phyllidis
846 1452 923 1518 ignis,

108 1532 166 1600 Aut
185 1529 296 1582 Alconis
315 1529 399 1581 habes
417 1529 519 1594 laudes,
540 1532 587 1578 aut
605 1527 693 1594 iurgia
713 1527 801 1580 Codri.
936 1544 957 1580 ιι

108 1606 216 1675 Incipe;
235 1605 370 1674 pascentis
390 1603 510 1656 servabit
528 1603 637 1670 Tityrus
655 1603 763 1656 haedos.

107 1683 164 1736 Mo.
184 1683 271 1734 Immo
289 1681 362 1749 haec,
381 1681 408 1731 in
427 1678 506 1731 viridi
525 1695 612 1746 nuper
631 1695 700 1746 quae
719 1680 819 1732 cortice
836 1680 891 1748 fagi

107 1758 233 1812 Camiina
252 1756 382 1824 descripsi
401 1758 430 1809 et
448 1755 592 1807 modulans
612 1755 716 1808 alterna
735 1756 832 1822 notavi,
1036 1824 1039 1828 ἱ

107 1835 253 1902 llrpe1iar:
272 1835 302 1886 tu
321 1831 422 1885 deinde
441 1830 534 1884 iubeto
552 1834 585 1883 ut
603 1835 692 1884 certet
711 1836 850 1900 Amyntas.
934 1849 957 1887 15

108 1910 160 1962 Mc.
181 1910 267 1962 Lenta
285 1907 354 1960 salix
372 1911 504 1976 quantum
522 1907 635 1975 pallenti
655 1908 727 1961 cedit
746 1909 840 1974 olivae,
1060 1933 1066 1944 ·

108 1986 232 2038 l'uniceis
251 1984 360 2036 humilis
379 1986 511 2051 quantum
531 1983 650 2036 saliunca
668 1985 772 2050 rosetis,

107 2060 210 2114 Iudicio
229 2063 321 2114 nostro
340 2063 448 2112 tantum
469 2050 519 2113 tibi
539 2059 612 2113 cedit
632 2062 772 2128 Amyntas

105 2137 162 2189 Mo.
181 2137 236 2190 Sed
254 2140 286 2190 tu
303 2136 397 2190 desine
416 2136 500 2205 plura,
520 2154 602 2205 puer,
622 2137 798 2190 successimus
816 2140 902 2192 autre.

142 2213 313 2266 Exstinctum
333 2212 475 2278 Nymphae
494 2212 599 2265 crudeli
618 2213 713 2265 funere
732 2213 870 2280 Daphnim
930 2225 956 2264 20

107 2289 237 2352 Flebant;
255 2305 302 2340 ros
321 2287 403 2354 coryli
422 2289 508 2338 testes
528 2290 558 2338 et
575 2286 685 2339 fiumina
704 2288 729 2338 N
731 2289 850 2355 ymphis;

106 2365 174 2419 Cum
192 2364 324 2433 conplexa
342 2363 383 2416 sui
402 2377 500 2428 corpus
519 2361 673 2414 miserabile
691 2362 747 2414 nati

106 2442 200 2509 Atque
219 2441 285 2494 deos
303 2444 386 2507 atque
404 2441 478 2490 astra
496 2440 575 2490 vocat
593 2435 713 2488 crudelia
730 2439 826 2490 mater.

106 2518 131 2570 N
134 2536 167 2570 on
185 2517 233 2570 ulli
250 2521 343 2586 pastos
361 2514 413 2567 illis
432 2516 513 2581 egere
531 2512 628 2566 diebus

106 2593 225 2662 Frigida,
239 2593 354 2661 Daphni,
367 2590 450 2643 boves
463 2589 499 2642 ad
512 2588 638 2653 flumina,
659 2587 733 2640 nulla
745 2604 795 2640 nec
806 2603 914 2638 amnem
930 2601 954 2639 aa

97 2666 213 2723 'libavit
232 2668 395 2737 quadrupes,
413 2682 464 2719 uec
482 2664 613 2732 graminis
631 2662 725 2729 attigit
742 2662 861 2714 herbam

106 2745 221 2815 Daphni,
241 2749 318 2797 tuum
339 2743 445 2796 Poenos
463 2741 547 2794 etiam
565 2739 729 2807 ingemuisse
748 2738 842 2790 leones

106 2822 254 2875 Interitum
272 2823 434 2887 montesque
452 2817 504 2870 leri
522 2816 659 2883 silvaeque
679 2814 833 2882 loquuntur.

105 2895 229 2966 Daphnis
246 2901 276 2949 et
294 2895 440 2949 Armenias
458 2911 539 2948 curru
559 2893 722 2960 subiungere
740 2889 819 2958 tigris

107 2973 240 3040 Instituit,
258 2972 381 3040 Daphnis
399 2971 503 3024 thiasos
521 2969 651 3023 inducere
671 2967 769 3022 Bacchi
927 2978 952 3018 so

106 3046 143 3101 llt
160 3049 230 3102 foliis
249 3049 337 3101 lentas
354 3047 479 3101 intexere
497 3045 623 3100 mollibus
641 3044 739 3098 hastas.

42 3123 45 3129 '
106 3122 180 3177 Vitis
197 3128 229 3178 ut
246 3124 388 3178 arboribus
407 3124 498 3178 decori
516 3127 565 3189 esi,
583 3126 615 3176 ut
633 3122 734 3176 vitibus
752 3135 827 3188 uvae,

106 3197 147 3256 Ut
162 3200 292 3269 gregibus
310 3201 390 3269 tauri,
408 3204 516 3269 segetes
533 3203 565 3253 ut
582 3198 729 3268 pinguibus
747 3195 828 3260 arvis,
