2172 3506
328 529 356 578 Ρ.
375 529 529 578 VERGILI
547 531 713 581 MARONIS

290 697 757 777 AENEIDOS

325 897 442 951 LIBER
461 897 720 952 DUODnolnus.

472 1055 572 1082 q.-

101 1170 216 1224 Tunuus
234 1175 265 1224 ut
283 1171 412 1225 infractos
430 1172 544 1225 adverso
563 1169 655 1225 Marte
673 1171 784 1226 Latinos

101 1245 239 1299 Desscissc
256 1246 339 1314 videt,
358 1263 406 1300 sua
425 1264 495 1300 nunc
512 1248 647 1316 promissa
665 1248 778 1316 reposci,'

101 1322 137 1374 Se
155 1322 255 1388 signari
274 1323 366 1388 oculis,
384 1322 457 1376 ultro
475 1322 643 1392 inplacabilis
661 1323 749 1390 ardet,

103 1397 269 1466 Attullitque
287 1399 397 1453 animos.
435 1400 588 1452 Poenorum
606 1399 695 1468 qualis
712 1399 740 1452 in
757 1401 830 1454 arvis

101 1473 213 1526 Saucius
230 1474 276 1527 ille
294 1476 370 1542 gravi
388 1479 536 1529 venantum
555 1475 664 1529 volnere
681 1478 777 1544 pectus
947 1491 961 1529 5

101 1547 169 1601 Tum
188 1549 297 1602 demum
317 1554 408 1604 movet
425 1568 502 1604 arma
518 1552 570 1618 lec,
587 1549 745 1620 gaudetque
763 1550 897 1605 comantis
982 1594 987 1602 .

101 1624 249 1677 Excutiens
268 1627 371 1678 cervice
390 1630 471 1694 toros,
491 1627 631 1695 fixumque
649 1626 763 1680 latronis

101 1700 250 1768 Inpavidus
267 1702 369 1769 frangit
387 1702 480 1768 telum,
499 1706 528 1756 et
546 1704 639 1757 fremit
657 1719 704 1757 ore
721 1707 848 1756 cruento:

102 1776 184 1829 Hand
203 1794 279 1830 secus
297 1794 409 1831 accenso
428 1778 517 1846 gliscit
535 1779 663 1833 violentia
681 1779 778 1831 Turno,

53 1869 55 1872 ·
101 1852 168 1904 Tum
188 1852 225 1905 sic
244 1854 353 1907 adfatur
371 1871 473 1922 regem,
492 1859 575 1922 utque
593 1856 633 1908 itu
651 1854 778 1908 turbidus
796 1855 874 1908 infit:
932 1870 957 1910 ’.ο

102 1928 126 1979 N
129 1928 184 1981 ullu
195 1943 270 1981 nrora
284 1931 309 1980 in
323 1929 412 1982 Turno
425 1951 431 1994 ;
449 1930 516 1983 nihil
529 1936 579 1997 ost,
593 1931 667 2000 quod
680 1931 753 1985 dicta
766 1934 920 1984 retractent

103 2004 198 2070 ignovi
218 2005 373 2070 Aeneadae,
392 2023 450 2074 nec,
468 2024 538 2075 quuo
557 2007 695 2076 pepigere,
714 2011 849 2060 recusent.

101 2080 278 2147 Congredior.
316 2081 370 2136 Fer
388 2099 471 2149 sucro,
489 2087 575 2152 pater,
595 2087 623 2137 et
640 2086 751 2153 concipe
768 2084 873 2138 foedus

104 2158 160 2208 Aut
178 2154 228 2209 hac
247 2156 416 2211 Dardanium
435 2159 534 2212 dextra
552 2158 602 2213 sub
621 2160 734 2213 Tartara
751 2159 868 2224 mittam,

102 2231 276 2284 Desertorem
297 2233 537 2297 Asiae-sedeant
556 2238 736 2303 spectentque
754 2234 880 2288 Latini-—
932 2250 956 2288 ru

102 2307 137 2358 llt
155 2307 227 2359 solus
246 2307 318 2360 ferro
337 2309 439 2361 crimen
458 2327 599 2363 commune
617 2310 758 2374 roselinum

103 2386 161 2435 Aut
178 2383 278 2435 habeat
296 2383 390 2450 victos,
410 2384 491 2438 cedat
510 2386 621 2438 Lavinia
639 2385 762 2438 coniunx'.

136 2458 190 2511 Olli
210 2458 305 2511 sedato
323 2460 466 2527 respondit
483 2461 566 2514 corde
586 2461 716 2515 Latinus:

101 2535 124 2586 0
143 2539 287 2603 praestans
306 2536 389 2589 animi
408 2537 518 2604 iuvenis,
538 2538 747 2607 quantumipso
765 2537 849 2590 feroci

101 2610 213 2665 Virtute
226 2628 381 2681 exsuperas,
395 2616 472 2666 tanto
485 2630 528 2667 mc
540 2613 679 2682 inpensius
691 2630 809 2682 aequum
825 2617 868 2666 est
930 2623 955 2664 ν

101 2687 255 2754 Considere,
275 2691 359 2756 etque
378 2690 464 2742 onmis
482 2693 651 2742 metuentem
669 2690 824 2763 expendere
843 2705 928 2742 casus

101 2762 170 2828 Sunt
188 2763 239 2816 tibi
257 2779 341 2830 regna
358 2765 446 2832 patris
466 2765 563 2831 Dauni,
582 2768 646 2818 sunt
663 2764 765 2834 oppida
782 2768 862 2833 capto

101 2837 189 2891 Multa
201 2856 300 2903 nranu3
318 2856 367 2893 nec
380 2856 432 2892 non
445 2857 596 2909 nurumque
609 2841 769 2909 animusque
782 2840 880 2894 Latino
891 2847 941 2895 est

101 2913 169 2964 Sunt
187 2914 256 2966 aliae
274 2915 405 2982 innuptae
423 2916 502 2968 Latio
521 2920 550 2968 et
569 2916 752 2971 Laurentibus
770 2917 850 2985 agria,

100 2985 125 3034 N
127 3002 158 3036 ec
169 3004 255 3052 genus
268 2989 414 3043 indecores.
452 2990 516 3043 Siue
528 3007 572 3044 me
584 2991 652 3045 haec
663 2992 738 3046 haud
750 2993 842 3047 mollia
853 2991 912 3045 latu

100 3057 219 3112 Sublatis
238 3064 344 3129 aperire
363 3064 450 3129 dolis3
468 3065 548 3118 simul
567 3066 618 3120 hoc
636 3069 726 3122 animo
744 3069 842 3122 hauri:
932 3081 958 3121 nu

100 3128 146 3180 Me
163 3138 256 3187 natam
274 3139 340 3191 nulli
358 3143 480 3193 veterum
499 3141 602 3194 sociare
619 3159 763 3211 procorum

99 3199 153 3252 Fas
171 3212 237 3270 erut,
250 3211 333 3277 idque
352 3229 445 3266 onmes
464 3214 574 3283 divique
592 3216 770 3289 hominesque
789 3219 932 3276 cauebant
