2172 3506
340 473 368 523 P.
387 471 538 521 VERGILI
556 468 719 519 MARONIS
784 476 786 480 ’

297 645 759 726 AENEIDOS

347 852 463 905 LIBER
482 848 716 903 UNDEOIMUS.

480 1013 563 1039 ...O-—
575 1023 579 1028 .

104 1134 245 1188 Oceanum
263 1135 369 1186 interea
388 1149 501 1199 surgens
521 1136 630 1184 Aurora
649 1133 772 1199 reliquit:

107 1213 219 1274 Aeneas,
238 1224 402 1276 quamquam
421 1213 450 1260 et
468 1207 546 1260 sociis
565 1207 631 1260 dare
650 1213 756 1274 tempus
774 1206 921 1259 humandis

107 1284 290 1352 Praecipitant
309 1299 398 1350 curae,
417 1271 583 1349 turbataque
602 1282 698 1334 funere
716 1298 792 1334 mens
811 1286 861 1342 cst.

106 1360 177 1412 Vota
195 1359 277 1412 deum
296 1360 384 1428 prime
405 1358 491 1412 vietor
509 1357 630 1411 solvebat
650 1357 711 1410 an

106 1437 248 1504 Ingentem
270 1450 400 1501 quercum
419 1434 517 1486 decisis
535 1432 656 1502 undique
676 1428 778 1486 ramis
948 1451 961 1487 s

105 1512 253 1565 Constituit
273 1511 384 1578 tumulo,
403 1511 589 1579 fulgentiaque
608 1510 698 1563 induit
716 1528 798 1576 arma,

105 1589 222 1642 Mezenti
242 1587 319 1639 ducis
337 1589 457 1654 exuvias,
475 1587 534 1655 tibi,
553 1605 658 1654 magne,
677 1591 825 1655 tropaeum,

105 1664 286 1736 Bellipptens3
313 1667 392 1734 aptat
419 1665 536 1717 rorantis
554 1663 685 1730 sanguine
703 1664 797 1716 cristas

105 1741 221 1808 Telaque
240 1744 336 1794 trunca
355 1740 404 1792 viri
424 1743 452 1794 et
470 1739 512 1794 bis
531 1757 579 1794 sex
597 1739 709 1792 thoraca
726 1741 842 1807 petitum

105 1817 314 1885 Perfossumque
332 1816 405 1885 loeis,
424 1817 598 1886 clipeumque
616 1835 650 1870 ex
669 1834 730 1870 aere
750 1816 875 1868 sinistrae
934 1834 959 1870 ro

105 1893 235 1960 Subbgat,
257 1896 340 1961 atque
358 1910 451 1947 ensem
470 1894 538 1947 celle
557 1894 700 1962 suspendit
718 1892 858 1946 eburnum.

105 1969 172 2021 Tum
191 1969 283 2038 socies,
302 1986 420 2038 namque
438 1970 526 2023 ernnis
545 1987 607 2022 eum
626 1971 727 2038 stipata
744 1969 856 2036 tegebat

104 2045 197 2099 Turba
214 2047 321 2114 ducum,
341 2047 528 2114 sicincipiens
547 2048 673 2100 hortatur
691 2046 807 2100 ovantis:

104 2121 233 2175 Maxuma
251 2140 295 2175 res
313 2123 417 2189 effecta,
436 2123 504 2187 viri;
522 2123 606 2176 timer
623 2123 710 2176 omnis
728 2122 829 2188 abesto,

105 2197 184 2263 Quod
197 2204 336 2268 superest;
355 2199 421 2254 haec
435 2203 499 2252 sunt
511 2199 597 2268 spolia
609 2203 638 2254 ct
651 2200 685 2252 de
698 2217 762 2267 rege
774 2199 892 2267 superbe
935 2215 959 2250 ιε

105 2274 251 2340 Primitiae,
271 2275 452 2343 manibusque
470 2275 539 2328 meis
559 2275 710 2329 Mezentius
720 2275 772 2328 ,hic
790 2280 838 2328 cst.

106 2350 182 2403 Nunc
202 2350 255 2403 iter
274 2351 310 2404 ad
328 2369 421 2418 regem
440 2350 518 2404 nobis
536 2369 683 2419 murosque
703 2352 820 2404 Latinos.

106 2427 190 2478 Arnm
208 2431 303 2494 parate
322 2426 426 2495 eninris,
445 2432 474 2481 et
493 2445 541 2496 spe
558 2428 725 2496 praesumite
743 2427 852 2492 bellum,

104 2503 129 2556 N
131 2521 146 2556 e
166 2521 220 2572 qua
238 2520 314 2558 mera
332 2504 448 2572 ignaros,
467 2504 515 2558 ubi
533 2504 652 2572 primum
670 2503 769 2558 vellere
789 2503 865 2569 signa

106 2580 261 2633 adnuerint
280 2581 372 2648 superi
390 2579 547 2649 pubemque
565 2579 682 2634 educere
700 2581 803 2642 cestris,
934 2596 961 2632 aa

106 2656 239 2724 inpediat,
260 2658 383 2724 segnisve
402 2661 478 2710 metu
496 2656 633 2710 sententie
648 2655 748 2710 tardet

105 2730 215 2784 Interea
234 2732 317 2784 socies
337 2731 532 2799 inhumataque
550 2747 664 2799 corpere
682 2735 772 2784 terrae

104 2805 273 2872 Mandanes,
294 2807 340 2875 qui
360 2807 432 2860 selus
450 2807 535 2860 henes
554 2805 711 2860 Acheronte
730 2806 780 2859 sub
798 2807 853 2858 imo
871 2811 922 2860 est

105 2881 156 2947 Ite,
175 2883 220 2945 ait
240 2883 363 2948 egregias
382 2883 494 2949 animas,
513 2899 584 2950 quae
603 2883 735 2950 sanguine
753 2882 830 2935 nobis

105 2953 183 3006 Hanc
200 2958 318 3023 patriam
336 2975 470 3026 peperere
489 2974 545 3024 sue,
565 2958 693 3022 decorate
713 2957 846 3025 supremis
936 2971 963 3011 π

105 3026 271 3094 Muneribus,
290 3036 478 3100 nraestamque
497 3032 620 3085 Euandri
638 3033 742 3101 primus
761 3031 797 3084 ad
814 3031 912 3085 urbem

106 3099 233 3156 Mittatur
253 3105 349 3170 Peilas,
369 3123 450 3174 quem
469 3123 523 3158 nen
542 3107 652 3161 virtutis
671 3113 798 3174 egentem

19 3224 71 3248 Ι,
93 3172 230 3248 ⁴Abstulit
247 3181 307 3230 atra
325 3180 385 3232 dies
403 3184 433 3231 ct
451 3181 546 3232 funere
564 3183 661 3234 mersit
679 3175 784 3235 acerbe.
