2172 3506
106 131 153 178 29⁴
335 126 362 173 l'.
393 125 538 172 VERGILJ.
561 123 728 172 MARONIS

107 209 146 262 At
163 222 217 260 non
236 205 394 260 Euandrum
412 205 485 274 potis
503 209 547 259 est
564 205 606 259 vis
623 204 679 258 nlla
696 207 808 267 tenere;

105 282 161 337 Sed
178 283 254 336 venit
272 283 299 335 in
319 282 430 336 medios.
466 281 581 336 Feretro
600 281 725 336 Pallanta
742 281 853 350 reposto

105 358 255 412 Procubuit
267 374 356 427 super,
369 362 453 426 atque
464 357 560 411 haeret
572 358 771 426 lacrimansque
778 374 959 426 gemensque,

105 435 142 489 ut
159 434 203 488 via
220 433 266 486 vix
284 433 396 488 tandem
415 433 474 488 voci
491 433 584 488 laxata
601 434 694 488 dolore
712 438 770 487 cst:
928 450 960 487 151

105 510 167 564 Non
185 511 258 574 baec,
276 527 292 565 0
312 509 395 577 Palla,
414 509 532 563 dederas
551 511 685 578 promissa
701 509 816 578 parenti,

105 585 219 640 (lautius
236 588 268 640 ut
286 602 367 640 saevo
384 585 469 638 velles
486 589 515 639 te
533 585 647 639 credere
665 585 757 644 Marti.

105 663 190 716 Haud
207 662 319 730 ignarus
337 677 420 729 eram,
438 664 571 729 quantum
588 678 658 715 nova
675 661 762 729 gloria
779 660 808 712 in
825 665 910 714 armis

103 739 141 794 llt
158 738 305 808 praedulce
323 737 407 792 decus
424 737 513 806 primo
531 738 681 791 certamme
697 741 796 806 posset.
922 753 961 792 1⁵6

105 814 246 868 Primitiae
264 813 371 868 iuvenis
388 814 513 880 miserae,
530 811 652 882 bellique
670 811 816 881 propinqui
850 873 853 878 Δ

104 889 180 943 Dura
196 889 366 944 rudimenta!
391 893 420 943 et
438 889 505 942 nulli
524 889 653 943 exaudita
669 888 782 942 deorum

104 965 176 1018 Vota
190 981 338 1034 precesque
356 969 447 1020 meae!
472 969 566 1033 tuque,
583 982 600 1020 o
617 965 786 1019 sanctissima
803 965 930 1033 coniunx,

103 1040 181 1095 Pelia
199 1045 288 1095 morte
307 1045 363 1107 tua,
382 1058 471 1109 neque
489 1042 517 1094 in
535 1042 606 1096 hunc
624 1044 732 1094 serrata
749 1040 884 1095 dolorem!

103 1118 207 1172 Contra
225 1134 276 1186 ego
294 1116 410 1170 vivendo
429 1117 481 1170 vici
498 1135 560 1170 mea
576 1117 642 1183 fata,
659 1121 798 1185 superstes
923 1133 961 1170 reo

103 1194 248 1248 Restarem
266 1197 298 1247 ut
314 1194 430 1261 genitor.
468 1194 570 1247 ‘lroum
588 1193 660 1247 socia
678 1209 754 1246 anna
771 1196 896 1246 secutum

102 1268 257 1324 Obruerent
276 1269 372 1323 Rutuli
391 1270 467 1324 telis!
487 1271 604 1323 animam
622 1271 680 1338 ipse
698 1269 843 1336 dedissem,

103 1347 198 1414 Atque
211 1345 279 1400 baec
290 1362 389 1415 pompa
401 1345 513 1400 dommn
525 1362 576 1413 me,
589 1363 643 1399 non
657 1345 790 1412 Pallanta,
803 1345 938 1400 referret!

102 1421 161 1474 llec
179 1439 226 1475 vos
244 1423 389 1489 arguerim,
407 1422 510 1486 'leucri
528 1438 578 1475 nee
595 1421 714 1485 foedera
731 1439 782 1476 nec
799 1438 868 1490 quas

57 1553 59 1556 ,
103 1498 247 1551 iunximus
264 1498 383 1566 hospitio
401 1498 528 1563 dextram
551 1515 610 1551 sors
628 1498 682 1552 ista
699 1501 825 1552 senectae
922 1515 959 1553 ms

105 1573 205 1626 Debita
223 1577 283 1626 crat
301 1577 417 1627 nostrae.
455 1574 534 1638 Quod
553 1573 576 1626 si
593 1574 731 1628 inmatura
748 1574 876 1630 manebat

102 1646 178 1702 Mors
195 1652 318 1715 gnatum,
336 1650 423 1702 caesis
443 1650 604 1704 Volscorum
623 1650 733 1704 milibus
751 1653 816 1705 anto

103 1726 256 1782 Ducentem
274 1725 302 1778 in
321 1725 431 1778 Latium
450 1725 568 1780 Teucros
586 1726 717 1780 cecidisse
734 1727 846 1782 iuvaret.

104 1802 175 1866 Quin
193 1819 245 1870 ego
263 1818 316 1854 non
335 1802 387 1855 alio
406 1802 508 1870 digner.
521 1806 550 1856 te
567 1802 669 1867 funere,
688 1803 772 1871 Palla,

103 1879 190 1942 Qumn
200 1880 262 1945 pius
275 1879 391 1946 Aeneas,
403 1881 432 1932 et
441 1895 524 1946 quam
536 1879 626 1947 magni
640 1878 770 1947 Phryges,
783 1885 812 1934 et
824 1897 906 1949 quam
921 1896 958 1935 uo

103 1954 288 2022 Tyrrhenique
306 1954 397 2020 duces,
416 1954 585 2023 Tyrrhenum
603 1956 741 2010 exercitus
758 1957 853 2009 omnis.

103 2030 204 2095 Magna
221 2033 333 2097 tropaea
350 2029 449 2098 ferunt,
467 2047 536 2098 quos
554 2031 604 2084 dat
622 2035 671 2084 tua
689 2030 805 2085 dextera
822 2032 893 2098 leto3

103 2107 143 2158 'lu
162 2122 270 2174 quoque
288 2123 359 2160 nunc
378 2110 465 2161 stores
482 2108 599 2160 inmanis
616 2111 730 2161 truncus
748 2108 776 2160 in
794 2110 886 2175 armis,

104 2183 185 2236 Esset
202 2198 252 2250 par
270 2185 346 2236 aetas
364 2187 392 2236 et
410 2183 483 2236 idem
503 2183 524 2235 si
544 2183 627 2237 robur
644 2183 679 2237 ab
697 2185 781 2249 annis,

102 2259 199 2312 Turne.
236 2257 291 2311 Sed
308 2258 401 2311 infelix
420 2259 537 2311 Teucros
555 2259 622 2328 quid
640 2259 767 2314 demoror
783 2263 884 2317 arurisl
921 2278 954 2325 151

103 2332 206 2387 Vadite
224 2336 253 2386 et
270 2333 337 2386 hoec
356 2350 489 2387 memores
507 2334 565 2402 regi
583 2335 712 2390 mandata
729 2337 844 2392 referte:

103 2409 183 2474 Quod
201 2409 285 2462 vitum
303 2425 394 2462 moror
412 2410 534 2478 invisam,
554 2411 678 2466 Pallante
696 2418 845 2484 perempto,

103 2487 226 2540 Dextera
242 2501 337 2538 caussa
354 2489 402 2539 tua
421 2490 471 2552 est,
490 2487 610 2540 Turnum
627 2493 765 2559 gnatoque
783 2492 909 2560 patrique

103 2563 190 2626 Quare
208 2562 310 2616 debere
328 2561 411 2616 vides.
448 2563 556 2618 Meritis
574 2569 652 2618 vacat
669 2565 713 2621 hie
729 2566 782 2620 tibi
800 2568 872 2621 solus

104 2639 295 2707 Fortunaeque
313 2639 394 2692 loeus.
431 2640 492 2692 Non
511 2639 584 2693 vitae
600 2641 701 2708 gaudia
719 2658 836 2710 quaero,

103 2714 128 2767 N
131 2731 161 2768 ec
178 2715 234 2779 fas3
253 2714 301 2767 scd
320 2718 403 2782 gnato
421 2715 511 2770 Manis
528 2716 651 2784 perferre
668 2718 720 2771 sub
737 2719 812 2772 imos.

138 2793 247 2843 Aurora
265 2790 369 2843 interca
387 2791 493 2844 miseris
511 2792 673 2846 mortalibus
691 2794 788 2848 alaram

103 2864 248 2918 Extulerot
265 2865 359 2931 lucem,
378 2866 500 2920 referens
517 2883 600 2934 opera
616 2872 700 2937 atque
718 2869 839 2927 labores:

104 2938 163 2989 Iam
181 2944 261 3006 pater
281 2943 395 3007 Aeneas,
413 2941 466 2993 iam
485 2958 567 2994 curvo
585 2943 614 2997 in
631 2944 712 3000 litore
731 2945 854 3000 Tarchon

103 3011 277 3065 Constituere
295 3031 385 3081 pyras.
422 3016 484 3068 Huc
502 3033 617 3083 corpora
634 3020 752 3087 quisque
770 3037 883 3078 suorum
919 3039 956 3078 res

103 3083 187 3167 Moren
199 3087 286 3140 tulere
303 3094 413 3154 patrum
422 3111 429 3154 ;
450 3091 636 3159 subiectisque
653 3095 763 3161 ignibus
780 3083 850 3152 atris

103 3154 237 3212 Conditur
254 3160 282 3213 in
300 3163 428 3219 tenebras
445 3165 531 3221 altum
549 3165 665 3235 ealigine
683 3171 795 3227 caelum
