2152 3506
309 125 316 140 ”
372 135 554 184 senenses
572 135 641 184 nm.
661 133 710 183 1v.
819 109 848 168 ⁰
919 131 963 204 nr

106 214 306 282 l'lsvcntisque
322 213 442 268 abscissa
458 231 555 282 cemes,
576 214 630 268 Pro
649 213 788 285 Iuppiter!
807 211 859 267 ibit
928 225 966 266 ssu

107 291 169 356 llic,
189 291 238 356 nit,
257 294 287 343 et
303 290 405 344 nestris
422 290 547 346 inluserit
564 289 671 345 advene
688 291 796 360 regnisl

106 367 171 420 Non
189 383 268 419 erma
285 365 441 434 expedient,
460 369 575 436 telaque
593 384 626 422 ex
645 367 714 421 u'rbe
732 369 891 436 sequentur,

107 442 312 512 Deripientque
329 444 404 495 rates
421 441 468 516 elii
486 443 643 496 navalibusl
667 443 734 510 lte,

106 519 193 573 Ferte
212 517 261 571 citi
278 517 407 584 flammas,
427 517 493 572 dete
511 519 574 587 tels,
592 519 714 588 inpellite
733 523 873 574 remes!-

107 595 181 661 Quid
193 595 306 662 loquor?
318 597 367 646 aut
378 593 425 646 ubi
439 595 514 648 snml
528 595 605 664 Quae
617 599 738 650 mentem
747 595 851 650 insanie
859 595 964 650 mutstl

107 671 211 724 Infelix
229 669 316 724 Dido!
335 687 408 723 nunc
426 673 455 724 te
472 670 546 724 facts
562 671 646 738 impin
664 673 799 740 tanguntl
929 686 964 725 sse

107 748 178 801 Tum
196 746 297 814 decuit,
315 762 377 799 eum
396 749 505 815 sceptra
524 745 695 800 debes-lin
714 747 814 802 dextre
831 747 962 816 fidesque,

108 825 198 888 Quem
217 838 309 876 seeum
327 823 430 890 patries
449 822 526 876 siunt
544 825 655 892 portare
675 823 792 888 Penatis,

108 901 198 964 Quem
217 898 333 952 subiisse
351 897 471 952 humeris
489 899 643 954 confectum
661 904 752 956 aetate
773 904 915 972 parentem
924 907 964 954 :-

106 975 171 1029 Nen
189 975 268 1044 potui
286 974 431 1042 abreptum
450 973 581 1029 divellere
599 993 696 1045 corpus
714 981 744 1032 et
761 977 842 1032 undis
928 991 964 1030 ses

107 1051 262 1121 Spargerel
281 1067 334 1104 non
353 1051 446 1119 socies,
465 1067 519 1104 non
537 1052 626 1120 ipsum
643 1053 786 1108 absumere
803 1055 876 1107 serre

108 1127 267 1195 Ascanium,
285 1127 436 1196 patriisque
454 1127 619 1196 epulandum
637 1145 739 1198 ponere
756 1131 855 1184 mensis
864 1131 900 1182 l—

108 1204 216 1258 Verum
234 1220 333 1272 anceps
351 1219 458 1273 pugnes
475 1204 566 1258 luerat
583 1204 858 1270 lertuns.-Fuisset;

108 1281 199 1346 Quem
217 1281 303 1333 metui
322 1280 469 1334 moritural
506 1281 592 1336 Faces
609 1282 637 1335 in
656 1286 746 1336 castra
762 1283 893 1346 tulissem,

108 1357 318 1426 Inplesscmque
331 1356 404 1410 fores
416 1357 539 1424 flammis,
552 1360 702 1426 natumque
714 1362 875 1426 patremque
927 1371 963 1410 eos

109 1433 180 1488 llum
192 1449 293 1500 genere
306 1433 468 1500 cmtinnem,
488 1437 590 1489 memet
603 1450 685 1502 super
696 1435 756 1502 ipsa
768 1434 946 1487 dedissem.-

107 1510 163 1578 Sol,
183 1509 229 1579 qui
248 1514 384 1564 terrarum
403 1510 518 1564 flammis
536 1527 619 1580 opere
636 1510 726 1564 omnis
744 1511 850 1578 histrus,

107 1586 207 1654 Tuque
225 1585 321 1639 harum
338 1585 475 1655 interpres
493 1603 618 1640 curarum
636 1590 666 1641 ct
684 1586 789 1640 conseia
808 1587 884 1650 lime,
954 1625 958 1636 .

107 1661 315 1731 Nocturnisque
334 1661 440 1718 lleeate
458 1662 546 1716 triviis
563 1662 668 1717 ululate
685 1681 735 1733 per
752 1662 840 1730 urbes,

108 1738 146 1792 Et
166 1737 251 1793 Dirae
270 1737 388 1804 ultrices,
408 1742 437 1792 et
456 1737 486 1791 ‹li
504 1739 644 1794 morientis
663 1740 773 1808 Elissae,
927 1752 964 1791 uro

108 1814 238 1883 Accipite
256 1815 331 1882 haec,
351 1815 534 1885 meritumque
552 1814 630 1869 mulis
648 1817 784 1870 advertite
803 1831 909 1880 numen,

107 1891 147 1944 Et
165 1894 274 1944 nostres
291 1890 387 1944 nuelitc
404 1908 507 1959 preces.
545 1891 573 1946 si
592 1895 704 1960 tangere
722 1898 818 1962 pertus

108 1966 257 2021 infandum
276 1970 358 2036 caput
376 1983 407 2021 ac
425 1967 508 2022 terris
526 1967 629 2022 adnare
647 1985 756 2022 necesse
774 1974 824 2036 est,

108 2043 147 2098 Et
166 2045 205 2098 sic
222 2045 279 2098 lats
298 2043 371 2098 levis
389 2047 512 2112 poscunt,
531 2043 575 2098 hic
592 2044 725 2098 temrinns
743 2044 851 2100 haeret:

108 2122 151 2175 At
170 2120 243 2174 belle
260 2119 371 2174 audacis
388 2118 482 2188 populi
499 2123 613 2173 vexatus
631 2123 660 2173 et
677 2119 766 2187 ermis,
928 2133 964 2172 ers

108 2197 224 2251 Finibus
242 2197 366 2263 extorris,
384 2196 517 2264 conplexu
535 2195 642 2249 evolsus
661 2196 721 2262 Iuli,

108 2273 253 2330 Auxilium
271 2273 397 2340 inpleret,
415 2271 561 2340 videatque
579 2271 691 2340 indigna
707 2289 816 2327 suorum

108 2349 235 2414 Funern3
252 2365 308 2413 nec,
327 2365 388 2401 eum
406 2364 435 2401 se
454 2348 504 2402 sub
523 2347 598 2416 leges
614 2349 687 2417 pacis
704 2348 814 2419 iniquae

108 2425 276 2494 Tradiderit,
295 2441 378 2494 regno
397 2429 445 2478 aut
464 2428 560 2494 optata
577 2425 637 2478 luce
655 2425 777 2492 fruetur3

109 2503 167 2558 Sed
180 2501 261 2556 cadet
272 2505 337 2556 ente
349 2501 422 2555 diem
436 2501 583 2570 mediaque
594 2502 749 2555 inhumatus
761 2520 851 2558 arens.
928 2517 964 2556 eso

110 2579 191 2632 Hnec
203 2594 307 2647 precor,
315 2577 385 2630 hanc
393 2593 487 2631 vocem
496 2582 647 2631 extremam
660 2595 722 2631 cum
732 2581 861 2646 sunguine
871 2579 962 2632 fundo.

110 2655 181 2708 Tum
199 2671 255 2720 vos,
275 2669 291 2706 e
309 2653 390 2722 Tyrii,
409 2653 523 2722 stirpem
542 2658 572 2708 et
588 2671 674 2722 genus
692 2671 771 2708 enine
789 2656 910 2710 futurum

110 2731 249 2784 Exercete
267 2729 345 2796 odiis,
364 2730 502 2799 cinerique
520 2730 586 2784 hsce
603 2731 706 2785 mittite
724 2735 816 2786 nostre

110 2805 236 2862 Munere.
272 2805 370 2860 Nullus
389 2807 596 2875 emor'populis‚
616 2823 665 2860 nec
683 2806 795 2862 foedere
813 2811 901 2862 sunto.

110 2881 244 2936 Exoriare
261 2881 361 2951 aliquis
378 2883 479 2936 nestris
499 2900 532 2936 ex
551 2884 656 2937 essibus
674 2883 755 2950 ulter,
927 2895 965 2934 ens

111 2957 166 3022 Qui
184 2959 242 3012 fece
261 2957 414 3012 Dardanios
432 2960 559 3027 ferroque
579 2977 694 3028 sequare
711 2960 826 3023 colonos,

110 3032 201 3102 Nunc,
221 3035 292 3103 olim,
311 3051 482 3103 quecumque
500 3034 605 3089 dubunt
623 3052 653 3088 se
671 3039 795 3103 tempore
812 3033 892 3088 vires

112 3109 210 3164 Litora
226 3111 353 3166 litoribus
370 3111 513 3178 centraria,
531 3111 658 3164 fluctibus
676 3111 763 3162 undas

113 3187 255 3256 Inprecor,
272 3204 348 3240 arma
366 3189 462 3250 armis3
481 3188 602 3254 pugnent
620 3185 725 3250 ipsique
743 3188 918 3250 nepotesque.
