2174 3502
365 159 549 210 AENEIDOS
566 159 636 210 LIB.
655 157 736 209 VIII.
918 159 964 212 237

115 245 233 313 Αοοερίι
252 244 360 298 solitam
378 244 522 310 flammam,
540 246 679 312 uetusque
696 243 830 300 medullas

112 323 237 375 Intravit
254 321 334 386 calor,
353 323 383 374 et
399 319 534 374 labefacta
550 336 601 388 per
619 335 681 374 ossa
698 321 832 377 cucurrit:
931 331 969 376 tw

81 399 177 473 qNon
196 413 275 452 secus
292 401 377 466 atque
395 397 466 464 olim,
486 397 590 450 tonitru
608 413 669 450 cum
688 401 771 466 rupta
788 413 898 452 comaco

38 529 42 532 ,
113 477 203 544 Ignea
220 475 291 528 rima
308 475 411 527 micans
428 475 565 542 percurrit
583 475 685 528 lumine
704 475 827 537 nimbos„

112 553 209 606 Sensit
226 553 299 604 laeta
318 551 388 604 dolis
407 556 437 604 et
453 551 556 604 ferinae
575 550 681 604 conscia
699 552 822 605 coniunx.

112 629 184 682 Tum
203 631 283 697 pater
301 630 413 680 aeterno
431 627 505 680 fatur
524 628 666 680 devinctus
685 645 789 683 amore:

113 705 189 766 Quid
208 720 317 757 caussas
334 701 408 772 petis
426 719 460 759 ex
478 703 552 757 altol
574 702 674 758 fiducia
691 705 774 758 cessit
933 718 969 758 aee

113 781 176 845 Quo
194 781 253 847 tibi,
272 781 344 847 diva,
362 780 433 834 meil
470 779 571 834 Similis
590 781 612 833 si
631 797 695 836 cura
712 781 817 849 fuisset,

113 857 185 910 'lum
203 873 312 926 queque
329 857 371 910 fas
389 856 466 910 nobis
486 856 604 910 Teucros
622 873 729 911 annaro
746 858 858 924 fuisset;

1 937 11 954 ⁵
113 933 140 986 N
143 950 175 987 ec
195 933 279 986 Pater
297 933 469 1000 omnipotens
488 933 596 986 Troiam
615 950 665 986 uec
682 934 740 988 fata
757 934 888 989 vetabant

114 1009 197 1062 Stare
216 1008 366 1076 decemque
385 1009 452 1063 aliea
471 1009 609 1062 Priamum
628 1027 770 1080 superesse
788 1027 945 1080 perennes.

114 1086 152 1140 Et
166 1102 245 1151 nuuc,
258 1085 281 1138 si
293 1085 395 1138 bellare
406 1103 487 1154 paras
499 1091 584 1154 atque
596 1087 663 1141 haee
676 1088 727 1142 tibi
739 1105 816 1142 meus
828 1092 879 1152 est,
932 1101 967 1140 ruo
988 1112 990 1117 ·

115 1161 258 1229 Quidquid
276 1162 304 1214 in
322 1166 383 1216 arte
401 1179 463 1216 mea
479 1179 589 1231 possum
608 1165 770 1231 promIttere
788 1181 876 1230 curae,

114 1237 198 1302 Quod
216 1237 275 1291 fieri
293 1238 365 1290 ferro
382 1239 520 1306 liquidove
539 1242 633 1308 potest
651 1240 759 1307 electro,

115 1313 255 1378 Quantum
274 1315 351 1382 ignes
369 1314 530 1383 animaeque
549 1315 647 1382 valent,
666 1315 768 1376 absiste
787 1315 926 1385 precando

115 1390 233 1442 Viribus
252 1389 409 1444 indubitare
429 1391 490 1444 tuis.
530 1391 570 1446 lla
587 1392 671 1444 verba
688 1392 795 1446 locutus

115 1465 236 1534 Optatos
254 1466 333 1520 dedit
351 1468 499 1535 amplexus,
519 1468 711 1536 placidumque
730 1469 830 1536 petivit
932 1483 968 1522 ros

115 1541 248 1609 Coniugis
265 1541 370 1596 infusus
388 1544 492 1611 gremio
510 1561 560 1612 per
578 1543 701 1598 membra
719 1562 849 1613 soporem.

154 1618 223 1670 Inde
243 1618 288 1671 ubi
307 1619 395 1687 prima
414 1619 492 1687 ‹qiiies
510 1620 601 1674 medio
620 1623 672 1674 iam
692 1623 778 1676 nectis
794 1621 908 1677 abactae

115 1694 259 1748 Curriculo
277 1695 420 1762 expulerat
438 1711 569 1761 somnum,
589 1713 650 1749 curu
667 1698 767 1751 femina
785 1698 910 1766 primunr,

115 1769 169 1823 Oui
188 1769 306 1822 tolerare
323 1770 382 1823 eolo
401 1770 484 1824 vitam
503 1774 636 1840 tenuique
656 1773 780 1826 Minerva
844 1789 846 1796 ¹

116 1845 281 1915 Impositum,
299 1847 418 1900 cinerem
437 1851 467 1900 et
486 1849 588 1916 sopitos
608 1851 721 1904 suscitat
739 1851 817 1918 ignis,
932 1865 968 1904 uo

116 1923 234 1994 illectam
252 1922 356 1976 addens
375 1925 458 1991 operi,
478 1925 646 1994 famulasque
665 1925 702 1978 ad
720 1927 821 1979 lumina
838 1926 921 1994 ¹longo

115 1999 237 2052 Exercet
254 2015 346 2066 pense,
365 2004 469 2052 castum
488 2005 520 2052 ut
539 2017 647 2055 servare
665 2002 754 2056 cubile

115 2075 247 2142 Comugis
264 2079 292 2128 et
310 2075 399 2143 pessit
415 2093 514 2144 parvos
532 2077 650 2132 educere
669 2083 760 2131 natos:

116 2151 203 2204 Haud
221 2167 297 2204 secus
317 2152 477 2220 Ignipotens
495 2170 546 2207 uec
564 2158 688 2221 tempore
707 2155 816 2221 segnior
834 2155 880 2208 illo

114 2226 246 2280 Mollibus
264 2245 280 2280 e
299 2227 393 2281 stratis
412 2245 497 2297 opera
515 2229 551 2282 ad
569 2230 676 2284 fabrilia
695 2231 788 2298 surgit.
932 2246 968 2286 415

116 2303 211 2356 Insula
230 2304 365 2356 Sicanium
383 2303 461 2358 iuxta
479 2305 551 2359 latus
571 2306 751 2375 Aeoliamque

116 2379 241 2446 ErigItur
261 2380 384 2449 Liparen,
402 2381 571 2436 fumantibus
589 2384 676 2437 ardua
694 2385 774 2450 saxis,

117 2455 205 2518 Quam
224 2454 319 2508 subter
337 2473 432 2524 specus
451 2463 480 2510 et
499 2459 643 2528 Cyclopum
663 2477 745 2514 exesa
763 2463 874 2516 caminis

117 2535 210 2584 Antra
229 2535 353 2587 Aetnaea
371 2538 474 2600 tonant,
494 2534 632 2603 validique
649 2537 792 2590 incudibus
811 2539 880 2592 ictus

118 2607 217 2659 Auditi
236 2609 360 2662 referunt
378 2611 518 2676 gemitum,
537 2611 713 2680 striduntque
732 2615 853 2666 cavernis
931 2627 968 2666 sae

117 2683 270 2736 Stricturae
289 2685 448 2752 Chalybum,
468 2691 497 2740 et
515 2686 667 2742 fornacibus
685 2689 756 2756 ignis
773 2689 890 2756 anhelat,

118 2757 232 2812 Volcani
250 2759 354 2828 deuius,
374 2766 403 2814 et
423 2762 554 2816 Volcania
572 2765 680 2818 nomine
699 2766 787 2820 tellus.

119 2833 179 2887 Hoc
197 2840 263 2888 tunc
282 2837 442 2904 Ignipotens
460 2839 534 2893 caclo
552 2839 695 2897 descendit
714 2842 748 2896 ab
767 2843 829 2898 alte.

119 2909 234 2963 Ferrum
253 2913 418 2967 exercebant
435 2919 512 2969 uasto
531 2917 661 2986 Cyclopes
679 2920 706 2970 iu
725 2923 811 2985 antro,

118 2985 291 3056 Brontesque
310 2989 495 3060 Steropesque
513 2997 542 3045 ct
560 2993 649 3047 nudus
666 2995 790 3047 membra
809 2994 966 3062 Pyracmon

119 3062 171 3116 llis
189 3064 365 3120 informatum
384 3068 510 3122 manibus
528 3070 582 3122 lam
600 3079 680 3138 parte
698 3071 783 3138 polita
931 3085 968 3124 aaa

119 3138 233 3193 Fulmen
252 3145 318 3208 crat,
337 3147 396 3198 tote
415 3145 530 3197 Genitor
548 3161 617 3212 quae
636 3146 753 3212 plurima
770 3145 845 3198 caelo

120 3215 220 3269 lleiieit
238 3216 265 3268 in
281 3220 380 3291 terras,
399 3233 463 3284 pars
480 3219 629 3285 inperfecta
648 3218 781 3272 manebat.
806 3257 810 3260 -
