2154 3518
359 179 547 229 BUOOLIGA.
583 179 657 227 ECL.
671 179 751 232 VIII.
951 177 979 227 1?

133 264 159 315 A
177 265 205 316 te
223 260 392 332 principium,
410 251 461 312 tibi
479 260 594 314 desinet.
630 260 734 329 Accipe
750 259 830 313 iussis

132 337 258 390 Oarmma
275 339 372 404 coepta
388 336 450 402 tuis,
469 339 553 404 atquc
570 336 639 389 hanc
656 336 715 390 sine
732 339 857 404 tempora
877 333 981 390 ciream

132 413 211 466 Inter
227 411 346 466 victricis
364 411 495 466 hederam
512 412 563 466 tihi
582 429 693 482 serpere
711 413 811 466 laurus.

166 487 280 556 Frigida
297 488 343 540 rix
359 488 435 542 caelo
452 489 540 542 noetis
558 489 715 542 decesserat
733 489 853 555 umbra,'

132 563 200 618 Cum
219 581 264 618 ros
280 565 308 618 in
325 567 422 618 tenera
438 565 530 632 pecori
548 565 720 632 gratissimus
738 565 830 632 herba,
957 575 981 618 1⁵

132 640 298 694 Incumbens
315 641 399 694 tereti
418 641 524 694 Damon
543 641 581 693 sic
599 641 689 708 eoepit
706 639 800 694 olivae.

166 715 204 770 D.
212 717 339 784 Nascere,
346 728 466 786 praeque
475 715 549 769 diem
556 715 668 770 veniens
677 733 735 783 age,
746 717 862 784 Lucifer,
872 714 981 785 almum,

22 823 26 828 ·
106 786 108 791 ’
132 793 260 862 Coniugis
277 793 390 860 indigno
409 793 493 846 Nisae
512 792 643 859 deceptus
661 808 753 845 amore

132 869 203 922 Dum
221 885 329 938 queror,
347 872 376 922 ct
394 869 478 931 diros,
496 884 661 937 quamquam
679 868 717 921 nil
734 869 853 922 testibus
869 868 923 921 illis

133 945 245 1011 Proieci,
264 949 388 999 extrema
406 946 523 999 moriens
541 947 634 998 tamen
652 944 785 1012 adloquor
803 944 876 997 hore.
957 957 981 995 so

133 1020 226 1089 Incipe
244 1022 392 1075 Maenalios
410 1037 523 1088 mecum,
542 1019 603 1074 mea
620 1019 695 1088 tibia,
713 1037 814 1074 versus.

132 1096 272 1150 Maenalus
290 1101 472 1166 argutumque
490 1113 585 1151 nemus
604 1096 736 1165 pinosque
753 1096 890 1164 loquentis

132 1172 246 1241 Semper
263 1172 365 1237 habot3
382 1189 489 1240 semper
507 1176 647 1241 pastorum
665 1172 711 1226 ille
730 1172 808 1226 audit
826 1187 938 1238 amores,

133 1248 268 1318 Panaque.
287 1249 334 1317 qui
352 1249 455 1317 primus
473 1250 590 1303 calamos
608 1265 660 1302 non
679 1265 775 1317 passus
791 1247 895 1300 inertis.

132 1325 226 1392 Incipe
244 1323 393 1378 Maenalios
411 1341 524 1392 mecum,
542 1341 605 1378 mee
622 1325 698 1391 tibia,
717 1341 820 1378 versus.
957 1337 981 1376 ss

105 1395 109 1404 '
132 1400 229 1468 Mopso
248 1401 314 1452 Nisa
332 1401 431 1454 datur:
449 1400 516 1468 quid
534 1417 588 1452 non
606 1415 747 1469 speremus
766 1400 909 1455 ementesl
966 1449 968 1454 ,

133 1477 285 1543 Iungentur
303 1475 357 1528 iem
374 1491 473 1544 grypes
491 1477 576 1546 equis,
594 1493 716 1546 aevoque
734 1477 860 1546 sequenti

133 1553 200 1605 Cum
219 1550 331 1604 canibus
348 1551 439 1604 timidi
458 1553 568 1606 venient
586 1553 622 1606 ed
640 1553 736 1621 pocula
755 1553 888 1610 dammae.

132 1627 236 1696 Mopse,
255 1644 338 1680 novas
356 1627 445 1681 incido
462 1628 551 1682 iaces:
570 1628 621 1682 tibi
641 1628 751 1704 duatus
769 1647 855 1696 uxor;

132 1705 243 1772 Sparge,
255 1705 360 1769 marito,
374 1721 471 1758 nuces:
490 1705 540 1758 tibi
553 1705 656 1760 deserit
670 1703 811 1774 Hesperus
824 1709 930 1765 Oetam.
956 1726 981 1765 eo

133 1781 226 1848 Incipe
245 1781 393 1833 Maenalios
412 1796 524 1847 mecum,
543 1797 604 1834 mee
622 1782 698 1849 tibia,
718 1799 819 1836 versus.

67 1895 70 1902 .
133 1857 156 1909 Ο
175 1857 256 1924 digno
274 1857 416 1910 coniuncta
434 1856 498 1922 viro,
518 1857 584 1910 dum
603 1858 720 1926 despicis
737 1863 832 1927 omnis,

132 1932 259 2000 Dumque
277 1933 328 1986 tibi
347 1937 389 1986 est
407 1933 469 1985 odio
488 1950 549 1987 mea
567 1935 659 1988 fistula
677 1934 797 2003 dumque
816 1938 935 2007 capellae

134 2008 333 2076 Hirsuturnque
353 2009 525 2077 supercilium
543 2012 732 2078 promissaque
750 2011 844 2081 barba,

132 2083 191 2137 Nee
207 2101 302 2138 curare
321 2085 403 2137 deum
422 2084 512 2137 credis
529 2085 656 2138 mortalia
674 2094 853 2156 quemquam!
958 2108 982 2148 as

91 2179 93 2186 ·
133 2160 227 2225 Incipe
245 2160 394 2212 Maenalios
413 2175 524 2223 mecum,
543 2177 604 2214 mea
622 2162 696 2226 tibia,
714 2179 814 2218 versus.

133 2235 266 2304 Saepibus
284 2236 310 2287 in
328 2235 428 2289 nostris
446 2251 557 2303 parvam
576 2241 605 2291 te
623 2237 729 2292 roscida
746 2241 849 2296 mala-

133 2311 197 2364 Dux
215 2327 266 2377 ego
283 2315 374 2366 vester
391 2313 555 2366 erem—vidi
574 2330 634 2367 cunr
653 2318 741 2368 matre
759 2316 904 2385 legentem.

134 2387 216 2440 Alter
233 2387 267 2440 ab
284 2389 428 2442 undecimo
446 2395 505 2445 turn
524 2408 568 2445 me
586 2391 640 2444 iam
659 2398 802 2460 acceperat
820 2413 923 2462 annus;

133 2462 193 2515 Iam
210 2463 313 2530 fragilis
331 2470 454 2533 poteram
472 2468 507 2520 ab
525 2473 600 2520 terra
618 2469 775 2536 contingere
793 2488 888 2525 ramos.
957 2488 982 2527 so

132 2537 174 2591 Ut
190 2539 253 2605 vidi,
271 2544 304 2593 ut
322 2541 406 2607 perii!
425 2547 457 2596 ut
474 2561 518 2597 me
536 2544 624 2597 melus
642 2544 756 2598 abstulit
774 2552 867 2602 error!

134 2613 227 2682 Incipe
247 2615 394 2669 Maenalios
412 2635 526 2686 mecum,
544 2635 606 2672 mes
623 2619 698 2684 tibia,
718 2637 819 2675 versus.

133 2689 212 2742 Nrmc
230 2691 292 2757 scio,
312 2693 378 2760 quid
398 2695 434 2747 sit
453 2696 558 2758 Amor3
577 2695 653 2748 duris
671 2697 698 2748 in
717 2698 823 2752 cotibus
841 2701 917 2754 illum

134 2767 193 2819 Aut
211 2766 330 2834 Tmaros,
349 2774 397 2823 aut
417 2768 555 2840 Rhodope,
574 2776 622 2825 aut
640 2775 756 2827 extremi
775 2775 962 2842 Gemmantes,

133 2841 158 2894 N
161 2858 192 2895 ec
209 2844 316 2910 generis
333 2848 420 2900 nostri
437 2865 553 2916 puerum
571 2865 620 2902 nec
639 2850 776 2917 sanguinis
795 2852 887 2905 edunt.
956 2868 981 2906 45

134 2916 227 2984 Incipe
245 2919 394 2974 Maenalios
413 2939 525 2987 mecum,
544 2941 605 2977 mea
622 2925 698 2990 tibio,
717 2943 818 2980 versus.

134 2993 235 3047 Saevus
254 2997 342 3048 Amor
359 2998 451 3051 docuit
469 3003 593 3053 natorum
612 3002 743 3068 sauguine
760 3007 877 3059 matrem

133 3069 337 3125 commaculare
355 3090 464 3138 manus,
482 3075 599 3128 crudelis
617 3079 648 3129 tu
667 3094 783 3146 quoque,
801 3084 905 3146 nrater;

133 3145 258 3200 Crudelis
276 3151 364 3201 mater
381 3151 474 3216 magis,
493 3167 527 3203 an
544 3167 613 3218 puer
630 3153 760 3220 inprobus
778 3154 843 3208 illel

137 3221 271 3290 inprobus
288 3224 334 3276 ille
351 3241 434 3289 puer,
451 3226 569 3279 crudelis
587 3231 618 3280 tu
637 3245 752 3294 quoque,
771 3234 869 3285 meter.
956 3246 980 3284 so
