<?xml version="1.0" encoding="UTF-8"?>
<!DOCTYPE html PUBLIC "-//W3C//DTD XHTML 1.0 Transitional//EN"
    "http://www.w3.org/TR/xhtml1/DTD/xhtml1-transitional.dtd">
<html xmlns="http://www.w3.org/1999/xhtml" xml:lang="en" lang="en">
 <head>
  <title>
</title>
<meta http-equiv="Content-Type" content="text/html;charset=utf-8" />
  <meta name='ocr-system' content='tesseract 3.04.00' />
  <meta name='ocr-capabilities' content='ocr_page ocr_carea ocr_par ocr_line ocrx_word'/>
</head>
<body>
  <div class='ocr_page' id='page_1' title='image "./operaexrecensio03virggoog_0063.png"; bbox 0 0 2154 3518; ppageno 0'>
   <div class='ocr_carea' id='block_1_1' title="bbox 22 156 969 2964">
    <p class='ocr_par' dir='ltr' id='par_1_1' title="bbox 22 156 969 2964">
     <span class='ocr_line' id='line_1_1' title="bbox 375 156 965 213; baseline -0.003 -9"><span class='ocrx_word' id='word_1_1' title='bbox 375 156 581 213; x_wconf 78' lang='lat' dir='ltr'><strong>GEORGICON</strong></span> <span class='ocrx_word' id='word_1_2' title='bbox 600 158 668 206; x_wconf 82' lang='lat' dir='ltr'><strong>LIB.</strong></span> <span class='ocrx_word' id='word_1_3' title='bbox 685 159 721 205; x_wconf 88' lang='lat'>11.</span> <span class='ocrx_word' id='word_1_4' title='bbox 936 162 965 206; x_wconf 68' lang='lat' dir='ltr'>ti</span> 
     </span>
     <span class='ocr_line' id='line_1_2' title="bbox 116 236 967 306; baseline -0.002 -14"><span class='ocrx_word' id='word_1_5' title='bbox 116 239 176 304; x_wconf 79' lang='lat' dir='ltr'>Hoc</span> <span class='ocrx_word' id='word_1_6' title='bbox 194 237 323 306; x_wconf 76' lang='lat' dir='ltr'>pinguem</span> <span class='ocrx_word' id='word_1_7' title='bbox 341 240 370 290; x_wconf 93' lang='lat' dir='ltr'>et</span> <span class='ocrx_word' id='word_1_8' title='bbox 387 236 516 305; x_wconf 77' lang='lat' dir='ltr'>placitam</span> <span class='ocrx_word' id='word_1_9' title='bbox 536 237 600 291; x_wconf 88' lang='lat' dir='ltr'>Paci</span> <span class='ocrx_word' id='word_1_10' title='bbox 619 239 736 292; x_wconf 85' lang='lat' dir='ltr'>nutritor</span> <span class='ocrx_word' id='word_1_11' title='bbox 754 239 861 291; x_wconf 83' lang='lat' dir='ltr'>olivam.</span> <span class='ocrx_word' id='word_1_12' title='bbox 931 253 967 290; x_wconf 69' lang='lat' dir='ltr'>aaa</span> 
     </span>
     <span class='ocr_line' id='line_1_3' title="bbox 150 313 958 396; baseline 0 -30"><span class='ocrx_word' id='word_1_13' title='bbox 150 314 235 366; x_wconf 87' lang='lat' dir='ltr'>Poma</span> <span class='ocrx_word' id='word_1_14' title='bbox 253 328 370 380; x_wconf 91' lang='lat' dir='ltr'>quoque,</span> <span class='ocrx_word' id='word_1_15' title='bbox 388 316 420 366; x_wconf 88' lang='lat' dir='ltr'>ut</span> <span class='ocrx_word' id='word_1_16' title='bbox 437 313 555 381; x_wconf 89' lang='lat' dir='ltr'>primum</span> <span class='ocrx_word' id='word_1_17' title='bbox 572 317 683 368; x_wconf 88' lang='lat' dir='ltr'>truncos</span> <span class='ocrx_word' id='word_1_18' title='bbox 701 331 811 368; x_wconf 81' lang='lat' dir='ltr'><strong>sensere</strong></span> <span class='ocrx_word' id='word_1_19' title='bbox 829 313 958 396; x_wconf 53' lang='lat' dir='ltr'>valentis,</span> 
     </span>
     <span class='ocr_line' id='line_1_4' title="bbox 114 388 747 460; baseline 0.003 -18"><span class='ocrx_word' id='word_1_20' title='bbox 114 391 151 443; x_wconf 81' lang='lat' dir='ltr'>ut</span> <span class='ocrx_word' id='word_1_21' title='bbox 169 389 235 442; x_wconf 84' lang='lat' dir='ltr'>viris</span> <span class='ocrx_word' id='word_1_22' title='bbox 254 388 375 442; x_wconf 90' lang='lat' dir='ltr'>habuere</span> <span class='ocrx_word' id='word_1_23' title='bbox 394 405 464 456; x_wconf 87' lang='lat' dir='ltr'>suas,</span> <span class='ocrx_word' id='word_1_24' title='bbox 483 388 520 442; x_wconf 90' lang='lat' dir='ltr'>ad</span> <span class='ocrx_word' id='word_1_25' title='bbox 538 390 629 444; x_wconf 86' lang='lat' dir='ltr'>sidera</span> <span class='ocrx_word' id='word_1_26' title='bbox 647 392 747 460; x_wconf 88' lang='lat' dir='ltr'>raptim</span> 
     </span>
     <span class='ocr_line' id='line_1_5' title="bbox 116 466 895 535; baseline 0.004 -17"><span class='ocrx_word' id='word_1_27' title='bbox 116 467 151 519; x_wconf 88' lang='lat' dir='ltr'>Vi</span> <span class='ocrx_word' id='word_1_28' title='bbox 168 467 279 534; x_wconf 87' lang='lat' dir='ltr'>propria</span> <span class='ocrx_word' id='word_1_29' title='bbox 297 466 423 519; x_wconf 89' lang='lat' dir='ltr'>nituntur</span> <span class='ocrx_word' id='word_1_30' title='bbox 441 466 555 535; x_wconf 78' lang='lat' dir='ltr'>opisque</span> <span class='ocrx_word' id='word_1_31' title='bbox 566 467 649 521; x_wconf 87' lang='lat' dir='ltr'>-hnud</span> <span class='ocrx_word' id='word_1_32' title='bbox 667 468 761 534; x_wconf 85' lang='lat' dir='ltr'>indiga</span> <span class='ocrx_word' id='word_1_33' title='bbox 778 471 895 521; x_wconf 82' lang='lat' dir='ltr'>nostrae.</span> 
     </span>
     <span class='ocr_line' id='line_1_6' title="bbox 115 541 853 612; baseline 0 -16"><span class='ocrx_word' id='word_1_34' title='bbox 115 543 173 596; x_wconf 83' lang='lat' dir='ltr'>Nec</span> <span class='ocrx_word' id='word_1_35' title='bbox 192 546 281 595; x_wconf 85' lang='lat' dir='ltr'>minus</span> <span class='ocrx_word' id='word_1_36' title='bbox 301 541 406 596; x_wconf 84' lang='lat' dir='ltr'>interea</span> <span class='ocrx_word' id='word_1_37' title='bbox 424 542 483 595; x_wconf 80' lang='lat' dir='ltr'>fetu</span> <span class='ocrx_word' id='word_1_38' title='bbox 500 560 596 596; x_wconf 87' lang='lat' dir='ltr'>nemus</span> <span class='ocrx_word' id='word_1_39' title='bbox 614 560 693 597; x_wconf 89' lang='lat' dir='ltr'>omne</span> <span class='ocrx_word' id='word_1_40' title='bbox 710 543 853 612; x_wconf 73' lang='lat' dir='ltr'><strong>gravescit,</strong></span> 
     </span>
     <span class='ocr_line' id='line_1_7' title="bbox 115 618 968 687; baseline 0.001 -15"><span class='ocrx_word' id='word_1_41' title='bbox 115 619 331 687; x_wconf 84' lang='lat' dir='ltr'>Sanguineisque</span> <span class='ocrx_word' id='word_1_42' title='bbox 349 618 453 672; x_wconf 87' lang='lat' dir='ltr'>inculta</span> <span class='ocrx_word' id='word_1_43' title='bbox 470 619 571 672; x_wconf 89' lang='lat' dir='ltr'>rubent</span> <span class='ocrx_word' id='word_1_44' title='bbox 589 620 692 673; x_wconf 86' lang='lat' dir='ltr'>aviaria</span> <span class='ocrx_word' id='word_1_45' title='bbox 709 620 795 673; x_wconf 87' lang='lat' dir='ltr'>bacis:</span> <span class='ocrx_word' id='word_1_46' title='bbox 932 635 968 673; x_wconf 74' lang='lat' dir='ltr'>sao</span> 
     </span>
     <span class='ocr_line' id='line_1_8' title="bbox 114 695 816 764; baseline 0.001 -16"><span class='ocrx_word' id='word_1_47' title='bbox 114 695 274 750; x_wconf 74' lang='lat' dir='ltr'>Tondentur</span> <span class='ocrx_word' id='word_1_48' title='bbox 292 696 379 764; x_wconf 87' lang='lat' dir='ltr'>cytisi,</span> <span class='ocrx_word' id='word_1_49' title='bbox 397 695 493 749; x_wconf 85' lang='lat' dir='ltr'>taedas</span> <span class='ocrx_word' id='word_1_50' title='bbox 512 696 579 749; x_wconf 87' lang='lat' dir='ltr'>silva</span> <span class='ocrx_word' id='word_1_51' title='bbox 597 697 653 750; x_wconf 87' lang='lat' dir='ltr'>alta</span> <span class='ocrx_word' id='word_1_52' title='bbox 671 697 816 756; x_wconf 75' lang='lat' dir='ltr'>ministrat,</span> 
     </span>
     <span class='ocr_line' id='line_1_9' title="bbox 115 770 879 841; baseline 0.003 -17"><span class='ocrx_word' id='word_1_53' title='bbox 115 770 322 841; x_wconf 89' lang='lat' dir='ltr'>Pascunturque</span> <span class='ocrx_word' id='word_1_54' title='bbox 341 772 418 840; x_wconf 91' lang='lat' dir='ltr'>ignes</span> <span class='ocrx_word' id='word_1_55' title='bbox 436 773 563 826; x_wconf 86' lang='lat' dir='ltr'>nocturni</span> <span class='ocrx_word' id='word_1_56' title='bbox 582 777 610 828; x_wconf 88' lang='lat' dir='ltr'>et</span> <span class='ocrx_word' id='word_1_57' title='bbox 627 774 731 826; x_wconf 90' lang='lat' dir='ltr'>lumina</span> <span class='ocrx_word' id='word_1_58' title='bbox 748 773 879 826; x_wconf 83' lang='lat' dir='ltr'>fundunt:</span> 
     </span>
     <span class='ocr_line' id='line_1_10' title="bbox 114 847 947 919; baseline 0.002 -19"><span class='ocrx_word' id='word_1_59' title='bbox 114 847 150 902; x_wconf 83' lang='lat' dir='ltr'>Et</span> <span class='ocrx_word' id='word_1_60' title='bbox 168 847 297 902; x_wconf 88' lang='lat' dir='ltr'>dubitant</span> <span class='ocrx_word' id='word_1_61' title='bbox 316 849 438 904; x_wconf 90' lang='lat' dir='ltr'>homines</span> <span class='ocrx_word' id='word_1_62' title='bbox 456 867 547 903; x_wconf 91' lang='lat' dir='ltr'>serere</span> <span class='ocrx_word' id='word_1_63' title='bbox 566 854 650 919; x_wconf 88' lang='lat' dir='ltr'>atque</span> <span class='ocrx_word' id='word_1_64' title='bbox 670 850 818 919; x_wconf 86' lang='lat' dir='ltr'>inpendere</span> <span class='ocrx_word' id='word_1_65' title='bbox 837 849 947 910; x_wconf 83' lang='lat' dir='ltr'>curaml</span> 
     </span>
     <span class='ocr_line' id='line_1_11' title="bbox 115 923 904 995; baseline 0.004 -19"><span class='ocrx_word' id='word_1_66' title='bbox 115 923 187 988; x_wconf 82' lang='lat' dir='ltr'>Quid</span> <span class='ocrx_word' id='word_1_67' title='bbox 206 925 309 978; x_wconf 73' lang='lat' dir='ltr'>maiora</span> <span class='ocrx_word' id='word_1_68' title='bbox 328 927 444 994; x_wconf 77' lang='lat' dir='ltr'>sequani</span> <span class='ocrx_word' id='word_1_69' title='bbox 464 927 559 980; x_wconf 88' lang='lat' dir='ltr'>salices</span> <span class='ocrx_word' id='word_1_70' title='bbox 577 926 749 995; x_wconf 81' lang='lat' dir='ltr'>humilesque</span> <span class='ocrx_word' id='word_1_71' title='bbox 767 931 904 994; x_wconf 81' lang='lat' dir='ltr'>genestae,</span> 
     </span>
     <span class='ocr_line' id='line_1_12' title="bbox 115 1001 968 1073; baseline 0.002 -21"><span class='ocrx_word' id='word_1_72' title='bbox 115 1001 174 1053; x_wconf 73' lang='lat' dir='ltr'>Aru</span> <span class='ocrx_word' id='word_1_73' title='bbox 192 1002 254 1055; x_wconf 88' lang='lat' dir='ltr'>illae</span> <span class='ocrx_word' id='word_1_74' title='bbox 271 1003 364 1071; x_wconf 87' lang='lat' dir='ltr'>pecori</span> <span class='ocrx_word' id='word_1_75' title='bbox 383 1003 507 1057; x_wconf 76' lang='lat' dir='ltr'>frondem</span> <span class='ocrx_word' id='word_1_76' title='bbox 526 1006 574 1057; x_wconf 89' lang='lat' dir='ltr'>aut</span> <span class='ocrx_word' id='word_1_77' title='bbox 592 1004 748 1073; x_wconf 86' lang='lat' dir='ltr'>pastoribus</span> <span class='ocrx_word' id='word_1_78' title='bbox 766 1002 876 1054; x_wconf 90' lang='lat' dir='ltr'>umbras</span> <span class='ocrx_word' id='word_1_79' title='bbox 931 1013 968 1054; x_wconf 74' lang='lat' dir='ltr'>ass</span> 
     </span>
     <span class='ocr_line' id='line_1_13' title="bbox 114 1077 830 1148; baseline 0.001 -18"><span class='ocrx_word' id='word_1_80' title='bbox 114 1077 262 1142; x_wconf 81' lang='lat' dir='ltr'>Sufficiunt,</span> <span class='ocrx_word' id='word_1_81' title='bbox 283 1096 446 1148; x_wconf 79' lang='lat' dir='ltr'>saepemque</span> <span class='ocrx_word' id='word_1_82' title='bbox 466 1079 532 1132; x_wconf 83' lang='lat' dir='ltr'>satis</span> <span class='ocrx_word' id='word_1_83' title='bbox 550 1083 579 1133; x_wconf 90' lang='lat' dir='ltr'>et</span> <span class='ocrx_word' id='word_1_84' title='bbox 597 1080 697 1148; x_wconf 90' lang='lat' dir='ltr'>pabula</span> <span class='ocrx_word' id='word_1_85' title='bbox 715 1078 796 1132; x_wconf 91' lang='lat' dir='ltr'>melli.</span> <span class='ocrx_word' id='word_1_86' title='bbox 827 1090 830 1097; x_wconf 86' lang='lat'>&#39;</span> 
     </span>
     <span class='ocr_line' id='line_1_14' title="bbox 115 1152 795 1224; baseline 0.004 -19"><span class='ocrx_word' id='word_1_87' title='bbox 115 1152 151 1207; x_wconf 84' lang='lat' dir='ltr'>Et</span> <span class='ocrx_word' id='word_1_88' title='bbox 167 1153 243 1207; x_wconf 84' lang='lat' dir='ltr'>iurat</span> <span class='ocrx_word' id='word_1_89' title='bbox 261 1155 412 1208; x_wconf 87' lang='lat' dir='ltr'>undantem</span> <span class='ocrx_word' id='word_1_90' title='bbox 431 1155 504 1208; x_wconf 78' lang='lat' dir='ltr'>buxo</span> <span class='ocrx_word' id='word_1_91' title='bbox 523 1160 647 1224; x_wconf 85' lang='lat' dir='ltr'>spectare</span> <span class='ocrx_word' id='word_1_92' title='bbox 666 1156 795 1224; x_wconf 78' lang='lat' dir='ltr'>Cytorum</span> 
     </span>
     <span class='ocr_line' id='line_1_15' title="bbox 115 1228 777 1299; baseline 0.006 -19"><span class='ocrx_word' id='word_1_93' title='bbox 115 1228 302 1299; x_wconf 86' lang='lat' dir='ltr'>Naryciaeque</span> <span class='ocrx_word' id='word_1_94' title='bbox 321 1232 389 1299; x_wconf 84' lang='lat' dir='ltr'>picis</span> <span class='ocrx_word' id='word_1_95' title='bbox 408 1231 489 1299; x_wconf 88' lang='lat' dir='ltr'>lucos,</span> <span class='ocrx_word' id='word_1_96' title='bbox 508 1232 584 1285; x_wconf 90' lang='lat' dir='ltr'>iuvat</span> <span class='ocrx_word' id='word_1_97' title='bbox 602 1249 667 1286; x_wconf 83' lang='lat' dir='ltr'>arva</span> <span class='ocrx_word' id='word_1_98' title='bbox 685 1233 777 1286; x_wconf 82' lang='lat' dir='ltr'>videre</span> 
     </span>
     <span class='ocr_line' id='line_1_16' title="bbox 114 1304 836 1374; baseline 0.006 -18"><span class='ocrx_word' id='word_1_99' title='bbox 114 1304 176 1357; x_wconf 89' lang='lat' dir='ltr'>Non</span> <span class='ocrx_word' id='word_1_100' title='bbox 194 1307 298 1374; x_wconf 80' lang='lat' dir='ltr'>rastris,</span> <span class='ocrx_word' id='word_1_101' title='bbox 317 1306 457 1362; x_wconf 89' lang='lat' dir='ltr'>hominum</span> <span class='ocrx_word' id='word_1_102' title='bbox 475 1325 529 1361; x_wconf 91' lang='lat' dir='ltr'>non</span> <span class='ocrx_word' id='word_1_103' title='bbox 548 1309 596 1360; x_wconf 92' lang='lat' dir='ltr'>ulli</span> <span class='ocrx_word' id='word_1_104' title='bbox 614 1309 731 1362; x_wconf 84' lang='lat' dir='ltr'>obnoxia</span> <span class='ocrx_word' id='word_1_105' title='bbox 748 1324 836 1361; x_wconf 87' lang='lat' dir='ltr'>curae.</span> 
     </span>
     <span class='ocr_line' id='line_1_17' title="bbox 115 1381 968 1452; baseline 0.002 -18"><span class='ocrx_word' id='word_1_106' title='bbox 115 1381 197 1449; x_wconf 80' lang='lat' dir='ltr'>Ipsae</span> <span class='ocrx_word' id='word_1_107' title='bbox 217 1382 346 1436; x_wconf 86' lang='lat' dir='ltr'>Caucasio</span> <span class='ocrx_word' id='word_1_108' title='bbox 365 1384 472 1437; x_wconf 84' lang='lat' dir='ltr'>steriles</span> <span class='ocrx_word' id='word_1_109' title='bbox 490 1385 518 1436; x_wconf 95' lang='lat' dir='ltr'>in</span> <span class='ocrx_word' id='word_1_110' title='bbox 537 1385 640 1438; x_wconf 81' lang='lat' dir='ltr'>vertice</span> <span class='ocrx_word' id='word_1_111' title='bbox 658 1384 748 1452; x_wconf 83' lang='lat' dir='ltr'>silvae,</span> <span class='ocrx_word' id='word_1_112' title='bbox 933 1397 968 1436; x_wconf 74' lang='lat' dir='ltr'>sao</span> 
     </span>
     <span class='ocr_line' id='line_1_18' title="bbox 115 1456 916 1529; baseline 0.004 -19"><span class='ocrx_word' id='word_1_113' title='bbox 115 1456 189 1520; x_wconf 80' lang='lat' dir='ltr'>Quas</span> <span class='ocrx_word' id='word_1_114' title='bbox 207 1459 321 1512; x_wconf 85' lang='lat' dir='ltr'>animosi</span> <span class='ocrx_word' id='word_1_115' title='bbox 342 1459 408 1512; x_wconf 83' lang='lat' dir='ltr'>Euri</span> <span class='ocrx_word' id='word_1_116' title='bbox 426 1459 542 1514; x_wconf 75' lang='lat' dir='ltr'>adsidue</span> <span class='ocrx_word' id='word_1_117' title='bbox 560 1460 744 1529; x_wconf 84' lang='lat' dir='ltr'>franguntque</span> <span class='ocrx_word' id='word_1_118' title='bbox 763 1460 916 1528; x_wconf 81' lang='lat' dir='ltr'>ferrmtque,</span> 
     </span>
     <span class='ocr_line' id='line_1_19' title="bbox 115 1533 759 1604; baseline 0.008 -19"><span class='ocrx_word' id='word_1_119' title='bbox 115 1533 189 1587; x_wconf 87' lang='lat' dir='ltr'>Dant</span> <span class='ocrx_word' id='word_1_120' title='bbox 207 1535 274 1588; x_wconf 87' lang='lat' dir='ltr'>alios</span> <span class='ocrx_word' id='word_1_121' title='bbox 293 1535 362 1589; x_wconf 89' lang='lat' dir='ltr'>uliae</span> <span class='ocrx_word' id='word_1_122' title='bbox 381 1537 461 1604; x_wconf 84' lang='lat' dir='ltr'>fetus,</span> <span class='ocrx_word' id='word_1_123' title='bbox 481 1536 549 1590; x_wconf 89' lang='lat' dir='ltr'>dant</span> <span class='ocrx_word' id='word_1_124' title='bbox 567 1537 636 1590; x_wconf 89' lang='lat' dir='ltr'>utile</span> <span class='ocrx_word' id='word_1_125' title='bbox 655 1536 759 1604; x_wconf 91' lang='lat' dir='ltr'>lignum</span> 
     </span>
     <span class='ocr_line' id='line_1_20' title="bbox 115 1609 900 1681; baseline 0.003 -19"><span class='ocrx_word' id='word_1_126' title='bbox 115 1609 236 1678; x_wconf 87' lang='lat' dir='ltr'>Navigiis</span> <span class='ocrx_word' id='word_1_127' title='bbox 254 1612 338 1679; x_wconf 89' lang='lat' dir='ltr'>pinos,</span> <span class='ocrx_word' id='word_1_128' title='bbox 358 1612 484 1666; x_wconf 88' lang='lat' dir='ltr'>domibus</span> <span class='ocrx_word' id='word_1_129' title='bbox 502 1613 670 1681; x_wconf 81' lang='lat' dir='ltr'>cedrumque</span> <span class='ocrx_word' id='word_1_130' title='bbox 690 1629 900 1681; x_wconf 82' lang='lat' dir='ltr'>cupressosque3</span> 
     </span>
     <span class='ocr_line' id='line_1_21' title="bbox 116 1685 887 1758; baseline 0.005 -20"><span class='ocrx_word' id='word_1_131' title='bbox 116 1685 188 1739; x_wconf 91' lang='lat' dir='ltr'>Hinc</span> <span class='ocrx_word' id='word_1_132' title='bbox 205 1687 296 1740; x_wconf 89' lang='lat' dir='ltr'>radios</span> <span class='ocrx_word' id='word_1_133' title='bbox 316 1689 417 1742; x_wconf 88' lang='lat' dir='ltr'>trivere</span> <span class='ocrx_word' id='word_1_134' title='bbox 436 1691 511 1755; x_wconf 89' lang='lat' dir='ltr'>rotis,</span> <span class='ocrx_word' id='word_1_135' title='bbox 530 1689 592 1742; x_wconf 90' lang='lat' dir='ltr'>hinc</span> <span class='ocrx_word' id='word_1_136' title='bbox 611 1693 739 1758; x_wconf 84' lang='lat' dir='ltr'>tympana</span> <span class='ocrx_word' id='word_1_137' title='bbox 757 1689 887 1758; x_wconf 78' lang='lat' dir='ltr'>plaustris</span> 
     </span>
     <span class='ocr_line' id='line_1_22' title="bbox 116 1763 969 1834; baseline 0 -18"><span class='ocrx_word' id='word_1_138' title='bbox 116 1763 268 1830; x_wconf 81' lang='lat' dir='ltr'>Agricolae,</span> <span class='ocrx_word' id='word_1_139' title='bbox 288 1769 317 1818; x_wconf 92' lang='lat' dir='ltr'>et</span> <span class='ocrx_word' id='word_1_140' title='bbox 335 1766 439 1833; x_wconf 85' lang='lat' dir='ltr'>pandas</span> <span class='ocrx_word' id='word_1_141' title='bbox 457 1766 563 1820; x_wconf 88' lang='lat' dir='ltr'>retibus</span> <span class='ocrx_word' id='word_1_142' title='bbox 581 1783 695 1834; x_wconf 89' lang='lat' dir='ltr'>posuere</span> <span class='ocrx_word' id='word_1_143' title='bbox 710 1767 827 1829; x_wconf 87' lang='lat' dir='ltr'>carinas;</span> <span class='ocrx_word' id='word_1_144' title='bbox 933 1779 969 1816; x_wconf 71' lang='lat' dir='ltr'>aas</span> 
     </span>
     <span class='ocr_line' id='line_1_23' title="bbox 115 1837 796 1909; baseline 0.007 -20"><span class='ocrx_word' id='word_1_145' title='bbox 115 1837 269 1893; x_wconf 90' lang='lat' dir='ltr'>Viminibus</span> <span class='ocrx_word' id='word_1_146' title='bbox 289 1841 383 1894; x_wconf 87' lang='lat' dir='ltr'>salices</span> <span class='ocrx_word' id='word_1_147' title='bbox 401 1842 542 1909; x_wconf 87' lang='lat' dir='ltr'>fecundae,</span> <span class='ocrx_word' id='word_1_148' title='bbox 561 1842 704 1894; x_wconf 86' lang='lat' dir='ltr'>frondibus</span> <span class='ocrx_word' id='word_1_149' title='bbox 722 1842 796 1908; x_wconf 90' lang='lat' dir='ltr'>ulmi,</span> 
     </span>
     <span class='ocr_line' id='line_1_24' title="bbox 115 1916 784 1983; baseline 0.006 -17"><span class='ocrx_word' id='word_1_150' title='bbox 115 1916 157 1966; x_wconf 86' lang='lat' dir='ltr'>At</span> <span class='ocrx_word' id='word_1_151' title='bbox 174 1920 278 1983; x_wconf 84' lang='lat' dir='ltr'>myrtus</span> <span class='ocrx_word' id='word_1_152' title='bbox 298 1918 395 1971; x_wconf 86' lang='lat' dir='ltr'>validis</span> <span class='ocrx_word' id='word_1_153' title='bbox 413 1919 557 1972; x_wconf 84' lang='lat' dir='ltr'>hastilibus</span> <span class='ocrx_word' id='word_1_154' title='bbox 577 1922 605 1972; x_wconf 92' lang='lat' dir='ltr'>ct</span> <span class='ocrx_word' id='word_1_155' title='bbox 623 1919 695 1971; x_wconf 87' lang='lat' dir='ltr'>bona</span> <span class='ocrx_word' id='word_1_156' title='bbox 713 1918 784 1971; x_wconf 87' lang='lat' dir='ltr'>bello</span> 
     </span>
     <span class='ocr_line' id='line_1_25' title="bbox 22 1990 802 2062; baseline 0 -16"><span class='ocrx_word' id='word_1_157' title='bbox 22 2038 26 2046; x_wconf 88' lang='grc'>.</span> <span class='ocrx_word' id='word_1_158' title='bbox 116 1990 235 2057; x_wconf 86' lang='lat' dir='ltr'>Cornus;</span> <span class='ocrx_word' id='word_1_159' title='bbox 257 1994 384 2047; x_wconf 87' lang='lat' dir='ltr'>ituraeos</span> <span class='ocrx_word' id='word_1_160' title='bbox 403 1996 460 2048; x_wconf 82' lang='lat' dir='ltr'>taxi</span> <span class='ocrx_word' id='word_1_161' title='bbox 479 1998 645 2062; x_wconf 86' lang='lat' dir='ltr'>torquentur</span> <span class='ocrx_word' id='word_1_162' title='bbox 662 1995 689 2047; x_wconf 93' lang='lat' dir='ltr'>in</span> <span class='ocrx_word' id='word_1_163' title='bbox 708 2011 802 2058; x_wconf 89' lang='lat' dir='ltr'>areus;</span> 
     </span>
     <span class='ocr_line' id='line_1_26' title="bbox 116 2066 744 2124; baseline 0.005 -5"><span class='ocrx_word' id='word_1_164' title='bbox 116 2066 174 2120; x_wconf 90' lang='lat' dir='ltr'>Nec</span> <span class='ocrx_word' id='word_1_165' title='bbox 191 2068 267 2122; x_wconf 86' lang='lat' dir='ltr'>tiliae</span> <span class='ocrx_word' id='word_1_166' title='bbox 286 2069 360 2123; x_wconf 86' lang='lat' dir='ltr'>leves</span> <span class='ocrx_word' id='word_1_167' title='bbox 378 2076 426 2124; x_wconf 92' lang='lat' dir='ltr'>aut</span> <span class='ocrx_word' id='word_1_168' title='bbox 445 2075 524 2123; x_wconf 92' lang='lat' dir='ltr'>torno</span> <span class='ocrx_word' id='word_1_169' title='bbox 542 2070 624 2123; x_wconf 85' lang='lat' dir='ltr'>rasile</span> <span class='ocrx_word' id='word_1_170' title='bbox 642 2070 744 2123; x_wconf 83' lang='lat' dir='ltr'>buxum</span> 
     </span>
     <span class='ocr_line' id='line_1_27' title="bbox 115 2143 969 2215; baseline 0.006 -20"><span class='ocrx_word' id='word_1_171' title='bbox 115 2143 177 2196; x_wconf 89' lang='lat' dir='ltr'>Non</span> <span class='ocrx_word' id='word_1_172' title='bbox 195 2145 310 2199; x_wconf 84' lang='lat' dir='ltr'>sormam</span> <span class='ocrx_word' id='word_1_173' title='bbox 329 2147 465 2215; x_wconf 90' lang='lat' dir='ltr'>accipiunt</span> <span class='ocrx_word' id='word_1_174' title='bbox 484 2147 611 2214; x_wconf 83' lang='lat' dir='ltr'>ferroque</span> <span class='ocrx_word' id='word_1_175' title='bbox 630 2150 761 2200; x_wconf 85' lang='lat' dir='ltr'>cavantur</span> <span class='ocrx_word' id='word_1_176' title='bbox 778 2151 872 2214; x_wconf 87' lang='lat' dir='ltr'>acuto;</span> <span class='ocrx_word' id='word_1_177' title='bbox 934 2163 969 2200; x_wconf 72' lang='lat' dir='ltr'>uo</span> 
     </span>
     <span class='ocr_line' id='line_1_28' title="bbox 116 2219 899 2287; baseline 0.005 -15"><span class='ocrx_word' id='word_1_178' title='bbox 116 2219 246 2273; x_wconf 87' lang='lat' dir='ltr'>Necnon</span> <span class='ocrx_word' id='word_1_179' title='bbox 265 2225 293 2275; x_wconf 89' lang='lat' dir='ltr'>et</span> <span class='ocrx_word' id='word_1_180' title='bbox 313 2226 464 2276; x_wconf 87' lang='lat' dir='ltr'>torrentem</span> <span class='ocrx_word' id='word_1_181' title='bbox 484 2223 585 2276; x_wconf 86' lang='lat' dir='ltr'>undam</span> <span class='ocrx_word' id='word_1_182' title='bbox 604 2223 671 2275; x_wconf 91' lang='lat' dir='ltr'>levis</span> <span class='ocrx_word' id='word_1_183' title='bbox 689 2222 796 2276; x_wconf 84' lang='lat' dir='ltr'>innatat</span> <span class='ocrx_word' id='word_1_184' title='bbox 815 2224 899 2287; x_wconf 88' lang='lat' dir='ltr'>alnus,</span> 
     </span>
     <span class='ocr_line' id='line_1_29' title="bbox 116 2296 865 2368; baseline 0.007 -20"><span class='ocrx_word' id='word_1_185' title='bbox 116 2296 200 2349; x_wconf 85' lang='lat' dir='ltr'>Missa</span> <span class='ocrx_word' id='word_1_186' title='bbox 220 2298 309 2364; x_wconf 86' lang='lat' dir='ltr'>Pado;</span> <span class='ocrx_word' id='word_1_187' title='bbox 331 2315 381 2352; x_wconf 89' lang='lat' dir='ltr'>nee</span> <span class='ocrx_word' id='word_1_188' title='bbox 400 2316 453 2353; x_wconf 93' lang='lat' dir='ltr'>non</span> <span class='ocrx_word' id='word_1_189' title='bbox 473 2304 502 2354; x_wconf 87' lang='lat' dir='ltr'>et</span> <span class='ocrx_word' id='word_1_190' title='bbox 519 2317 584 2368; x_wconf 83' lang='lat' dir='ltr'>apes</span> <span class='ocrx_word' id='word_1_191' title='bbox 603 2299 726 2353; x_wconf 88' lang='lat' dir='ltr'>examina</span> <span class='ocrx_word' id='word_1_192' title='bbox 744 2298 865 2353; x_wconf 92' lang='lat' dir='ltr'>condunt</span> 
     </span>
     <span class='ocr_line' id='line_1_30' title="bbox 117 2373 791 2445; baseline 0.006 -21"><span class='ocrx_word' id='word_1_193' title='bbox 117 2373 324 2443; x_wconf 74' lang='lat' dir='ltr'>corticibusque</span> <span class='ocrx_word' id='word_1_194' title='bbox 344 2375 416 2432; x_wconf 82' lang='lat' dir='ltr'>caris</span> <span class='ocrx_word' id='word_1_195' title='bbox 435 2377 604 2445; x_wconf 86' lang='lat' dir='ltr'>vitiosaeque</span> <span class='ocrx_word' id='word_1_196' title='bbox 623 2375 690 2429; x_wconf 88' lang='lat' dir='ltr'>ilicis</span> <span class='ocrx_word' id='word_1_197' title='bbox 708 2375 791 2429; x_wconf 86' lang='lat' dir='ltr'>alveo.</span> 
     </span>
     <span class='ocr_line' id='line_1_31' title="bbox 116 2448 917 2521; baseline 0.005 -19"><span class='ocrx_word' id='word_1_198' title='bbox 116 2448 189 2512; x_wconf 80' lang='lat' dir='ltr'>Quid</span> <span class='ocrx_word' id='word_1_199' title='bbox 207 2451 412 2505; x_wconf 90' lang='lat' dir='ltr'>memorandum</span> <span class='ocrx_word' id='word_1_200' title='bbox 431 2469 519 2521; x_wconf 87' lang='lat' dir='ltr'>aeque</span> <span class='ocrx_word' id='word_1_201' title='bbox 539 2453 672 2506; x_wconf 86' lang='lat' dir='ltr'>Baccheia</span> <span class='ocrx_word' id='word_1_202' title='bbox 691 2451 761 2504; x_wconf 91' lang='lat' dir='ltr'>dona</span> <span class='ocrx_word' id='word_1_203' title='bbox 778 2452 917 2506; x_wconf 86' lang='lat' dir='ltr'>tulerunt&#39;l</span> 
     </span>
     <span class='ocr_line' id='line_1_32' title="bbox 116 2524 969 2596; baseline 0.005 -18"><span class='ocrx_word' id='word_1_204' title='bbox 116 2524 238 2580; x_wconf 90' lang='lat' dir='ltr'>Bacchus</span> <span class='ocrx_word' id='word_1_205' title='bbox 257 2528 339 2581; x_wconf 88' lang='lat' dir='ltr'>etad</span> <span class='ocrx_word' id='word_1_206' title='bbox 358 2529 464 2596; x_wconf 87' lang='lat' dir='ltr'>culpam</span> <span class='ocrx_word' id='word_1_207' title='bbox 484 2546 593 2583; x_wconf 85' lang='lat' dir='ltr'>caussas</span> <span class='ocrx_word' id='word_1_208' title='bbox 612 2528 703 2582; x_wconf 90' lang='lat' dir='ltr'>dedit:</span> <span class='ocrx_word' id='word_1_209' title='bbox 724 2526 770 2581; x_wconf 93' lang='lat' dir='ltr'>ille</span> <span class='ocrx_word' id='word_1_210' title='bbox 787 2528 904 2582; x_wconf 85' lang='lat' dir='ltr'>furentis</span> <span class='ocrx_word' id='word_1_211' title='bbox 933 2542 969 2582; x_wconf 74' lang='lat' dir='ltr'>aro</span> 
     </span>
     <span class='ocr_line' id='line_1_33' title="bbox 116 2600 877 2674; baseline 0.005 -20"><span class='ocrx_word' id='word_1_212' title='bbox 116 2600 266 2657; x_wconf 81' lang='lat' dir='ltr'>Centauros</span> <span class='ocrx_word' id='word_1_213' title='bbox 284 2604 341 2658; x_wconf 91' lang='lat' dir='ltr'>leto</span> <span class='ocrx_word' id='word_1_214' title='bbox 361 2605 474 2673; x_wconf 89' lang='lat' dir='ltr'>domuit,</span> <span class='ocrx_word' id='word_1_215' title='bbox 495 2606 688 2674; x_wconf 87' lang='lat' dir='ltr'>Rhoetumque</span> <span class='ocrx_word' id='word_1_216' title='bbox 707 2603 877 2673; x_wconf 89' lang='lat' dir='ltr'>Pholumque</span> 
     </span>
     <span class='ocr_line' id='line_1_34' title="bbox 116 2676 869 2751; baseline 0.004 -21"><span class='ocrx_word' id='word_1_217' title='bbox 116 2676 153 2730; x_wconf 80' lang='lat' dir='ltr'>Et</span> <span class='ocrx_word' id='word_1_218' title='bbox 170 2695 267 2747; x_wconf 83' lang='lat' dir='ltr'>magno</span> <span class='ocrx_word' id='word_1_219' title='bbox 288 2681 423 2749; x_wconf 83' lang='lat' dir='ltr'>Hylaeum</span> <span class='ocrx_word' id='word_1_220' title='bbox 444 2682 567 2751; x_wconf 86' lang='lat' dir='ltr'>Lapithis</span> <span class='ocrx_word' id='word_1_221' title='bbox 586 2685 695 2735; x_wconf 84' lang='lat' dir='ltr'>cratere</span> <span class='ocrx_word' id='word_1_222' title='bbox 712 2681 869 2734; x_wconf 87' lang='lat' dir='ltr'>minantem.</span> 
     </span>
     <span class='ocr_line' id='line_1_35' title="bbox 151 2754 797 2826; baseline 0.003 -19"><span class='ocrx_word' id='word_1_223' title='bbox 151 2754 174 2807; x_wconf 89' lang='lat' dir='ltr'><em>O</em></span> <span class='ocrx_word' id='word_1_224' title='bbox 192 2755 345 2811; x_wconf 83' lang='lat' dir='ltr'>fortunatos</span> <span class='ocrx_word' id='word_1_225' title='bbox 364 2759 484 2826; x_wconf 91' lang='lat' dir='ltr'>nimium,</span> <span class='ocrx_word' id='word_1_226' title='bbox 503 2776 553 2812; x_wconf 87' lang='lat' dir='ltr'>sua</span> <span class='ocrx_word' id='word_1_227' title='bbox 571 2759 682 2812; x_wconf 83' lang='lat' dir='ltr'>si&#39;bona</span> <span class='ocrx_word' id='word_1_228' title='bbox 699 2756 797 2824; x_wconf 90' lang='lat' dir='ltr'>norint,</span> 
     </span>
     <span class='ocr_line' id='line_1_36' title="bbox 117 2830 881 2904; baseline 0.005 -22"><span class='ocrx_word' id='word_1_229' title='bbox 117 2830 267 2900; x_wconf 87' lang='lat' dir='ltr'>Agricolas,</span> <span class='ocrx_word' id='word_1_230' title='bbox 286 2834 385 2902; x_wconf 90' lang='lat' dir='ltr'>quibus</span> <span class='ocrx_word' id='word_1_231' title='bbox 404 2835 470 2903; x_wconf 88' lang='lat' dir='ltr'>ipsa,</span> <span class='ocrx_word' id='word_1_232' title='bbox 489 2834 583 2904; x_wconf 88' lang='lat' dir='ltr'>procul</span> <span class='ocrx_word' id='word_1_233' title='bbox 602 2833 773 2888; x_wconf 88' lang='lat' dir='ltr'>discordibus</span> <span class='ocrx_word' id='word_1_234' title='bbox 791 2833 881 2898; x_wconf 86' lang='lat' dir='ltr'>armis,</span> 
     </span>
     <span class='ocr_line' id='line_1_37' title="bbox 118 2906 969 2964; baseline 0.004 -5"><span class='ocrx_word' id='word_1_235' title='bbox 118 2906 220 2961; x_wconf 79' lang='lat' dir='ltr'>Fundit</span> <span class='ocrx_word' id='word_1_236' title='bbox 237 2910 320 2964; x_wconf 92' lang='lat' dir='ltr'>humo</span> <span class='ocrx_word' id='word_1_237' title='bbox 340 2911 444 2964; x_wconf 81' lang='lat' dir='ltr'>facilem</span> <span class='ocrx_word' id='word_1_238' title='bbox 464 2912 564 2964; x_wconf 85' lang='lat' dir='ltr'>rictum</span> <span class='ocrx_word' id='word_1_239' title='bbox 583 2911 730 2964; x_wconf 87' lang='lat' dir='ltr'>iustissima</span> <span class='ocrx_word' id='word_1_240' title='bbox 748 2910 842 2964; x_wconf 85' lang='lat' dir='ltr'>tellus!</span> <span class='ocrx_word' id='word_1_241' title='bbox 934 2922 969 2962; x_wconf 72' lang='lat' dir='ltr'>see</span> 
     </span>
    </p>
   </div>
   <div class='ocr_carea' id='block_1_2' title="bbox 117 2982 846 3286">
    <p class='ocr_par' dir='ltr' id='par_1_2' title="bbox 117 2982 846 3286">
     <span class='ocr_line' id='line_1_38' title="bbox 117 2982 830 3056; baseline 0.003 -20"><span class='ocrx_word' id='word_1_242' title='bbox 117 2982 217 3054; x_wconf 81' lang='lat' dir='ltr'>Sinon</span> <span class='ocrx_word' id='word_1_243' title='bbox 235 2987 373 3055; x_wconf 88' lang='lat' dir='ltr'>ingentem</span> <span class='ocrx_word' id='word_1_244' title='bbox 392 2987 496 3040; x_wconf 79' lang='lat' dir='ltr'>foribus</span> <span class='ocrx_word' id='word_1_245' title='bbox 515 2987 612 3041; x_wconf 91' lang='lat' dir='ltr'>domus</span> <span class='ocrx_word' id='word_1_246' title='bbox 630 2988 687 3042; x_wconf 85' lang='lat' dir='ltr'>alta</span> <span class='ocrx_word' id='word_1_247' title='bbox 707 2985 830 3056; x_wconf 87' lang='lat' dir='ltr'>superbis</span> 
     </span>
     <span class='ocr_line' id='line_1_39' title="bbox 117 3061 832 3129; baseline 0 -15"><span class='ocrx_word' id='word_1_248' title='bbox 117 3061 198 3115; x_wconf 90' lang='lat' dir='ltr'>Mane</span> <span class='ocrx_word' id='word_1_249' title='bbox 217 3064 385 3116; x_wconf 87' lang='lat' dir='ltr'>salutantum</span> <span class='ocrx_word' id='word_1_250' title='bbox 403 3064 469 3117; x_wconf 86' lang='lat' dir='ltr'>totis</span> <span class='ocrx_word' id='word_1_251' title='bbox 487 3064 573 3117; x_wconf 79' lang='lat' dir='ltr'>vomit</span> <span class='ocrx_word' id='word_1_252' title='bbox 590 3063 704 3117; x_wconf 89' lang='lat' dir='ltr'>aedibus</span> <span class='ocrx_word' id='word_1_253' title='bbox 722 3064 832 3129; x_wconf 90' lang='lat' dir='ltr'>undam,</span> 
     </span>
     <span class='ocr_line' id='line_1_40' title="bbox 117 3137 846 3216; baseline 0.001 -25"><span class='ocrx_word' id='word_1_254' title='bbox 117 3137 175 3192; x_wconf 86' lang='lat' dir='ltr'>Nec</span> <span class='ocrx_word' id='word_1_255' title='bbox 193 3140 282 3193; x_wconf 84' lang='lat' dir='ltr'>&#39;varios</span> <span class='ocrx_word' id='word_1_256' title='bbox 300 3138 406 3194; x_wconf 87' lang='lat' dir='ltr'>inhiant</span> <span class='ocrx_word' id='word_1_257' title='bbox 423 3140 537 3208; x_wconf 90' lang='lat' dir='ltr'>pulchra</span> <span class='ocrx_word' id='word_1_258' title='bbox 554 3141 694 3194; x_wconf 86' lang='lat' dir='ltr'>testudine</span> <span class='ocrx_word' id='word_1_259' title='bbox 712 3139 805 3208; x_wconf 89' lang='lat' dir='ltr'>postis,</span> <span class='ocrx_word' id='word_1_260' title='bbox 844 3209 846 3216; x_wconf 33' lang='grc' dir='ltr'>Ι</span> 
     </span>
     <span class='ocr_line' id='line_1_41' title="bbox 119 3214 777 3286; baseline -0.002 -17"><span class='ocrx_word' id='word_1_261' title='bbox 119 3214 280 3286; x_wconf 89' lang='lat' dir='ltr'>Inlusasque</span> <span class='ocrx_word' id='word_1_262' title='bbox 298 3231 364 3269; x_wconf 92' lang='lat' dir='ltr'>auro</span> <span class='ocrx_word' id='word_1_263' title='bbox 382 3219 479 3280; x_wconf 85' lang='lat' dir='ltr'>vestes,</span> <span class='ocrx_word' id='word_1_264' title='bbox 499 3216 688 3285; x_wconf 84' lang='lat' dir='ltr'>Ephyreiaque</span> <span class='ocrx_word' id='word_1_265' title='bbox 706 3232 777 3279; x_wconf 88' lang='lat' dir='ltr'>aera,</span> 
     </span>
    </p>
   </div>
   <div class='ocr_carea' id='block_1_3' title="bbox 0 0 1087 3518">
    <p class='ocr_par' dir='ltr' id='par_1_3' title="bbox 0 0 1087 3518">
     <span class='ocr_line' id='line_1_42' title="bbox 0 0 1087 3518; baseline 0 0"><span class='ocrx_word' id='word_1_266' title='bbox 0 0 1087 3518; x_wconf 95' lang='lat' dir='ltr'> </span> 
     </span>
    </p>
   </div>
  </div>
 </body>
</html>
