2154 3518
364 179 552 231 BUCOLIOA.
581 179 657 229 Eos.
675 179 729 230 111.
961 185 975 228 5

118 257 185 327 Nec,
204 259 227 312 si
246 259 404 313 muneribus
421 264 518 330 certes,
537 261 668 316 concedat
687 261 779 316 Iollas.

119 335 191 403 Heu,
210 336 271 402 heu,
290 336 358 404 quid
376 336 447 389 volui
466 338 568 391 misero
585 337 667 393 mihi!
686 337 800 392 floribus
817 341 942 394 austrum

118 409 249 465 Perditus
268 416 297 466 ot
314 412 427 481 liquidis
445 413 536 467 inmisi
554 413 676 468 fontibus
694 431 781 484 apros.

118 487 203 552 Quem
223 487 302 556 fugis,
322 488 364 555 ah,
383 489 515 544 demensi
534 489 694 544 habitarunt
713 491 741 543 di
760 507 869 560 quoque
887 491 969 546 silvas

117 563 328 634 Dardaniusque
349 565 432 618 Paris.
472 566 569 634 Pallas,
588 583 656 635 quas
674 563 798 620 condidit
816 583 899 635 arces,
951 583 975 624 cr

118 641 184 709 Ipsa
200 642 290 706 colat;
310 641 388 694 nobis
405 641 533 709 placeant
551 647 615 696 ante
634 645 724 696 omnia
742 644 831 698 silvae.

117 718 206 773 Torva
223 719 318 772 leaena
335 718 429 785 lupum
448 721 590 786 sequitur;
607 720 687 787 lupus
705 721 763 789 ipse
781 720 929 789 capellam;

118 795 276 849 Florentenr
295 794 410 864 cytisum
429 796 555 864 sequitur
572 795 672 849 lasciva
690 797 808 864 capella;

117 871 155 926 Te
168 871 302 939 Corydon,
315 888 331 923 ο
346 871 441 924 Alexi:
455 871 541 925 trahit
551 889 600 926 sua
613 889 750 942 quemque
762 874 898 941 voluptas.
950 887 974 928 ss

117 948 227 1016 Aspice,
245 951 338 1002 aratra
355 948 419 1016 iugo
437 949 562 1002 referunt
581 966 711 1018 suspensa
728 949 842 1015 iuvenci,

117 1023 154 1078 ut
172 1025 212 1078 sol
231 1024 378 1079 crescentis
397 1023 533 1078 decedens
552 1025 673 1094 duplicat
690 1024 818 1080 umbras:

117 1101 164 1154 Me
182 1105 275 1156 tamen
292 1102 348 1155 urit
366 1119 458 1169 amor;
477 1103 538 1172 quis
556 1103 629 1156 enim
646 1103 743 1158 modus
761 1102 835 1156 adsit
851 1103 957 1158 amorii

117 1178 172 1244 Ah,
191 1177 326 1247 Corydon,
346 1178 479 1248 Corydon,
498 1196 568 1247 quae
587 1183 616 1232 te
634 1179 773 1233 dementia
791 1179 879 1247 cepit!

117 1254 291 1323 Semiputata
308 1254 360 1308 tibi
378 1255 507 1309 frondosa
524 1257 589 1310 vitis
606 1256 634 1310 in
652 1256 725 1308 ulmo
745 1260 793 1310 est.
949 1269 974 1310 π

117 1330 190 1394 Quin
208 1333 240 1383 tu
258 1330 362 1397 aliquid
380 1331 478 1383 saltem
495 1333 595 1398 potius,
614 1347 728 1399 quorum
746 1330 854 1398 indiget
872 1348 944 1398 usus,
982 1351 986 1361 ·

118 1405 274 1459 Viminibus
292 1406 421 1474 mollique
439 1423 519 1472 paras
538 1407 669 1459 detexere
686 1406 781 1460 iuncol

118 1480 247 1535 Invenies
264 1481 355 1550 alium,
372 1481 395 1534 si
413 1484 443 1534 te
461 1481 505 1534 hic
522 1481 637 1549 fastidit,
656 1481 774 1536 Alexim.

308 1713 315 1722 ·
401 1693 590 1751 soncos
619 1695 680 1752 111.
710 1667 773 1748 'a‘
838 1740 841 1748 .

439 1809 651 1861 PALAEMON.

285 1933 439 1974 Massicus.
463 1931 619 1972 Dsuouuss
643 1933 802 1972 Psusuuou.

115 2026 158 2080 M.
177 2027 230 2081 Dm
248 2027 322 2095 mihi,
340 2028 482 2095 Damoeta,
500 2028 590 2097 omum]
609 2031 710 2096 pecusl
728 2045 761 2080 au
783 2029 929 2083 Melibocil

112 2101 150 2154 I).
170 2102 240 2171 Non,
258 2119 352 2156 verum
373 2104 513 2170 Aegonis3
530 2120 618 2170 nuper
635 2103 701 2154 mihi
720 2105 837 2156 tradidit
858 2107 961 2172 Aegon.

111 2177 153 2230 M.
174 2179 272 2232 Infelix
291 2195 307 2231 ο
326 2195 441 2247 semper,
459 2179 524 2245 ovis,
543 2177 640 2246 pecus!
660 2177 719 2249 ipse
737 2177 871 2233 Neaeram

111 2253 183 2306 Dum
202 2255 284 2320 fovet,
302 2271 341 2323 ac,
359 2271 456 2308 neme
474 2254 526 2308 sibi
544 2255 683 2324 praeferat
700 2253 753 2322 illa,
770 2260 888 2325 veretur,

111 2329 165 2383 Hic
183 2330 288 2383 alienus
306 2330 363 2384 ovis
381 2335 473 2386 custos
490 2331 533 2386 bis
552 2331 656 2398 mulget
674 2331 702 2383 iu
721 2331 794 2400 liora,
957 2345 970 2384 s

112 2405 146 2458 Eli
165 2424 244 2460 sucus
262 2408 353 2475 pecori
373 2412 403 2462 et
420 2409 462 2461 lac
481 2408 644 2462 subducitur
661 2409 744 2475 agnis.

110 2484 146 2537 D.
166 2484 277 2537 Parcius
295 2484 349 2538 ista
366 2484 431 2538 viris
449 2487 541 2559 tamen
561 2484 713 2537 obiicienda
731 2489 875 2538 memento.

111 2560 248 2629 Novimus,
267 2564 296 2614 et
314 2562 362 2632 qui
380 2564 417 2629 te,
437 2565 592 2615 transversa
612 2559 754 2614 tuentibus
773 2560 861 2628 hircis,

112 2637 147 2690 Et
165 2637 303 2705 quo-sed
319 2637 412 2691 faciles
432 2637 457 2690 N
459 2639 575 2706 ymphae
595 2637 822 2692 risere-sacello.

112 2713 151 2766 M.
171 2713 247 2781 Tum,
265 2715 355 2780 credo,
373 2731 434 2768 cum
453 2731 497 2767 ine
515 2714 658 2768 arbustum
676 2715 769 2768 videre
787 2713 902 2766 Miconis
945 2727 969 2764 10

111 2791 206 2858 Atque
224 2791 295 2844 mala
312 2791 376 2844 ritis
394 2790 515 2844 incidere
534 2790 604 2843 falce
623 2791 749 2845 novellas.

111 2866 147 2919 D.
167 2870 226 2920 Aut
242 2867 287 2920 hie
305 2867 341 2920 ad
358 2867 460 2920 veteris
479 2869 555 2935 fagos
573 2885 634 2922 cum
654 2865 807 2936 Daphnidis
824 2880 916 2918 arcum

111 2943 231 3011 Fregisti
249 2947 278 2997 et
296 2945 429 2998 calanms:
450 2961 520 3013 quae
538 2947 577 3012 tu,
595 2960 724 3012 perverso
744 2941 874 3005 Menalca,

111 3014 156 3088 ilt,
173 3038 234 3075 cum
252 3021 345 3074 vidisti
365 3037 450 3088 puero
469 3021 578 3088 donata,
597 3021 716 3086 dolebas,

62 3108 65 3116 ’
111 3097 159 3160 Et,
177 3098 199 3150 si
219 3114 272 3150 non
291 3097 382 3164 aliqua
399 3097 543 3164 nocuisses,
561 3099 686 3150 mortuus
704 3111 784 3148 esses.
943 3105 967 3145 lt
1058 3118 1063 3125 ·

112 3172 154 3226 M.
173 3173 245 3238 Quid
264 3173 366 3225 domini
384 3172 492 3240 faciant,
512 3172 614 3225 audent
632 3188 693 3224 eum
710 3169 777 3223 talia
793 3168 883 3222 fures!

113 3247 175 3303 Non
194 3264 245 3317 ego
262 3251 290 3302 te
307 3248 364 3301 vidi
384 3247 521 3316 Damonis,
539 3248 662 3317 pessime,
681 3261 792 3314 caprum
