2154 3518
341 475 370 524 P.
388 471 543 522 VERGILI
561 471 726 521 MARONIS

313 610 348 682 G
366 606 400 680 E
420 607 453 681 O
472 605 563 678 Re
582 605 603 676 I
623 604 654 680 O
674 602 763 678 ΟΝ

367 773 501 828 nisus
527 773 704 826 uulnus,

503 969 591 994 κφ-

112 1130 186 1193 Qun)
204 1130 286 1182 faeiat
303 1131 389 1183 luctus
407 1139 523 1200 segetes,
543 1151 596 1202 que
615 1133 705 1185 sidere
724 1141 827 1184 terram

111 1205 236 1269 Vertere,
256 1205 407 1271 Maecenas,
428 1207 562 1278 ulmisque
580 1209 729 1275 adiungere
749 1206 812 1260 vitis

112 1281 267 1346 Conveniat,
287 1299 357 1349 quae
376 1299 440 1337 cura
459 1285 549 1354 boum,
568 1285 614 1354 qui
632 1283 722 1336 cultus
741 1282 867 1335 habende

112 1359 153 1413 Sit
170 1358 270 1428 pecori,
289 1358 385 1426 apibus
405 1366 508 1428 quanta
527 1359 698 1430 experientia
716 1359 810 1427 nareis,

115 1437 185 1488 lline
203 1451 301 1488 canere
320 1421 557 1565 incipimffos,
577 1455 593 1490 o
611 1437 761 1490 clarissima
779 1432 874 1487 mundi
956 1445 971 1486 e

113 1512 233 1577 Lumina,
254 1509 390 1564 labentem
412 1529 458 1566 eae
505 1530 575 1581 quae
594 1512 693 1564 ducitis
713 1528 829 1576 auruum

113 1588 195 1642 Liber
213 1592 241 1640 et
259 1586 330 1638 alma
353 1588 444 1656 Ceres,
463 1592 554 1642 vestro
573 1589 595 1640 si
613 1605 726 1640 munere
745 1588 826 1641 tellus

112 1663 259 1719 Chaoniam
277 1663 373 1730 pingui
392 1663 521 1731 glandem
540 1664 658 1718 mutavit
675 1665 766 1726 arista,

114 1740 267 1806 Poenisque
285 1739 406 1792 inventis
429 1741 560 1794 Acheloia
578 1740 688 1793 miscuit
708 1741 782 1804 uvis3

115 1816 149 1870 ut
166 1833 221 1882 vos,
240 1819 388 1883 agrestum¹
401 1818 558 1885 praeseutia
576 1817 692 1881 numina,
715 1815 808 1884 Fauni,
947 1827 974 1868 le

116 1893 197 1945 Ferte
216 1891 295 1944 sinnrl
317 1891 459 1961 Faunique
477 1892 576 1960 pedem
596 1893 775 1960 Dryadesque
793 1892 911 1961 puellae:

115 1967 229 2022 Munera
248 1971 339 2020 uestra
359 1985 432 2022 eane.
471 1969 565 2038 'inque
584 1986 607 2033 o,
626 1969 668 2021 cui
687 1969 775 2037 prima
792 1969 955 2022 frementem

115 2045 198 2098 suun
218 2061 318 2114 equum
340 2062 438 2114 magno
458 2047 538 2100 tellus
556 2063 685 2116 percussa
704 2045 825 2112 tridenti,

115 2121 140 2174 N
142 2125 257 2190 eptune3
281 2126 310 2174 et
329 2123 416 2176 cultor
435 2141 583 2190 nemorum,
602 2123 645 2176 cui
663 2123 775 2191 pinguia
794 2122 865 2176 Ceae

115 2199 295 2252 Tercentum
316 2199 389 2251 nivei
408 2200 525 2253 tondent
543 2200 655 2252 dumeta
675 2199 792 2264 iuvenem
949 2210 975 2248 15

116 2277 186 2344 Ipse,
205 2291 302 2327 nemus
320 2274 448 2343 linquens
467 2275 586 2344 patrium
607 2275 747 2342 saltusque
767 2275 869 2344 Lycaei,

118 2354 186 2416 Pan,¹
199 2351 289 2404 ouium
311 2353 411 2418 eustos
430 2353 479 2404 tua
497 2351 520 2403 si
538 2350 590 2404 tibi
609 2350 736 2402 Maenala
753 2367 841 2418 curae,

118 2429 209 2495 uulsis,
228 2444 243 2480 ο
262 2426 392 2494 Tegeaee,
414 2427 514 2493 favens,
537 2426 668 2492 oleaeque
688 2424 812 2478 Minerva

121 2503 268 2570 inventrix,
289 2503 406 2571 uncique
426 2519 494 2572 puer
514 2503 682 2555 monstrator
701 2501 792 2565 aratri,

119 2583 155 2634 Et
171 2584 294 2634 teneram
313 2579 347 2632 ab
366 2581 459 2634 radice
478 2580 576 2647 ferens,
599 2578 713 2643 Silvane,
732 2592 897 2644 cupressum,
951 2593 976 2630 co

120 2657 210 2724 Dique
228 2656 350 2724 deaeque
370 2674 468 2720 onmes,
492 2656 613 2709 studium
635 2653 733 2723 quibus
752 2669 816 2705 arva
835 2651 913 2720 tueri,

120 2733 227 2801 Quique
245 2749 328 2785 novas
347 2733 420 2786 alitis
440 2750 494 2786 uon
513 2733 568 2785 ullo
588 2731 691 2784 semine
710 2730 808 2797 fruges,

121 2811 228 2878 Quique
248 2804 314 2862 satis
333 2809 439 2878 largum
461 2810 535 2862 caelo
557 2809 703 2862 demittitis
722 2807 852 2871 imbrem3

122 2887 216 2954 Tuque
234 2886 311 2952 adeo,
332 2904 415 2955 quem
433 2904 495 2938 mox
516 2903 586 2954 quae
608 2886 661 2940 sint
679 2885 806 2939 habitura
824 2885 935 2936 demum

124 2961 247 3028 Concilio,
267 2963 401 3015 incertum
421 2967 470 3030 est,
489 2963 606 3015 urbesne
625 2963 749 3028 invisere,
769 2962 876 3026 Caesar,
952 2972 974 3010 a

125 3036 325 3105 'serrarumque
343 3039 410 3091 velis
428 3055 527 3105 euram,
547 3043 575 3092 et
594 3043 622 3093 te
640 3056 783 3093 rnaxumus
801 3036 876 3090 orbis

128 3113 276 3166 Auctorem
296 3114 403 3182 frugum
422 3119 674 3186 tempestatumque
692 3118 834 3185 potentem

132 3188 259 3256 Accipiat,
278 3190 388 3257 cingens
406 3194 529 3246 materna
547 3197 670 3262 tempora
688 3196 785 3260 myrto,
