2154 3518
373 162 562 210 BUCCLICA.
588 159 662 208 ECL.
676 159 740 208 VII.
953 158 984 204 15

113 239 195 296 liluc
212 240 286 309 ades,
304 259 321 296 o
339 243 489 296 Meliboee!
508 257 590 309 caper
607 239 659 295 tibi
676 241 767 295 salvus
785 242 815 294 et
832 237 929 304 hocdi;

131 319 174 386 lli,
194 319 216 372 si
235 319 302 386 quid
321 337 428 374 cessare
446 322 531 388 potes,
549 318 691 388 requiesce
709 317 761 372 sub
778 317 883 370 umbra.
962 329 987 368 1o

132 397 195 450 liuc
212 396 263 464 ipsi
282 401 377 465 poium
395 398 505 451 venient
522 415 573 468 per
589 402 669 467 prata
686 395 808 459 iuvenci;

132 474 186 526 llic
203 473 298 526 viridis
316 477 412 528 tenera
428 476 566 544 praetexit
584 475 717 530 arundine
735 474 808 542 ripas

131 550 255 615 Mincius,
275 567 345 619 eque
364 568 440 605 sacra
458 555 587 606 resonant
604 551 729 606 examina
747 566 856 619 quercu.

132 626 205 691 Quid
222 626 359 681 facerem?
377 645 466 696 neque
484 644 535 696 ego
555 628 698 696 Alcippen,
716 644 806 696 neque
826 625 951 694 Phyllida

145 725 148 732 ·
199 702 344 770 habebam,

135 779 268 848 llcpulsos
285 797 302 834 a
319 780 391 834 lacte
409 779 483 832 domi
501 795 572 848 quae
590 779 731 834 clauderet
749 796 848 847 ognos;
962 793 985 830 ru

134 854 167 908 lli
185 861 324 910 certamen
342 859 411 923 crat,
430 856 555 925 Corydon
573 871 635 909 eum
653 856 792 925 Thyrside,
810 871 946 924 nragnum.

133 931 282 986 l’osthabui
300 935 392 986 tamen
409 932 517 986 illorum
535 949 597 986 mea
614 933 686 986 seria
702 933 774 986 ludo.

137 1007 257 1062 Alternis
274 1009 360 1076 igitur
377 1009 543 1064 couteuderc
562 1009 685 1062 versibus
703 1010 783 1063 ambo

134 1084 271 1152 Coepere;
288 1084 408 1138 alternos
426 1085 522 1140 Musae
540 1087 694 1140 meminisse
712 1086 846 1140 volebant.

136 1160 193 1212 llos
212 1161 345 1229 Corydon,
364 1161 424 1214 illos
441 1162 581 1218 referebat
598 1162 626 1214 in
645 1163 741 1216 ordine
760 1163 876 1230 Thyrsis.
959 1177 984 1215 ao

168 1235 196 1290 Ο.
231 1238 380 1307 Nymphae,
399 1243 493 1293 noster
509 1243 592 1305 amor,
613 1239 792 1304 Libethrides,
810 1243 859 1292 aut
875 1239 941 1294 mihi

201 1331 317 1383 cannen,
699 1378 702 1384 1

133 1391 220 1454 Quale
238 1407 298 1444 meo
316 1392 413 1457 Codro,
433 1392 591 1455 coneediie3
609 1392 732 1458 proxima
751 1391 854 1446 Phoebi

137 1466 267 1520 Versibus
284 1467 330 1520 ille
348 1468 429 1532 facit3
448 1471 503 1532 aui,
522 1467 544 1520 si
562 1484 615 1520 nou
633 1483 776 1535 possumus
794 1485 895 1536 omues,

137 1543 188 1596 Hie
206 1546 304 1610 arguta
321 1560 397 1597 sacru
415 1542 547 1612 pendebit
564 1543 656 1597 fistula
673 1543 745 1613 pinu.

138 1619 166 1672 Τ.
185 1619 319 1686 Pastorcs‚
338 1619 440 1673 hodera
458 1624 612 1674 nascentem
631 1625 726 1674 ornuie
744 1627 861 1690 poohun,
958 1638 983 1676 25

137 1694 266 1762 hrcadeS,
285 1695 387 1749 invidia
405 1699 566 1764 rumpantur
583 1701 615 1750 ui
633 1697 680 1749 ilia
698 1697 805 1762 Codui3

136 1773 199 1836 hul,
218 1771 240 1824 si
260 1773 331 1824 ultra
349 1773 479 1841 placitum
498 1772 625 1838 laudarit,
644 1772 776 1828 baccharc
794 1775 912 1832 frontem

134 1847 249 1914 Cingiia‚
269 1866 303 1902 ue
320 1850 375 1904 veti
394 1853 490 1903 noceat
508 1849 579 1902 mala
596 1849 688 1918 lingua
705 1850 804 1905 future.

169 1922 196 1977 O.
214 1924 319 1978 ilaebrsi
336 1929 419 1994 caput
436 1925 486 1978 hoc
504 1926 561 1993 apri
580 1925 639 1993 tibi,
658 1927 743 1992 Delia,
762 1945 862 1996 parvus

137 2001 170 2054 ht
187 2017 293 2054 rannrsa
311 2002 400 2056 Micon
419 2003 518 2056 vivacis
534 2018 634 2054 cornua
652 2006 730 2058 cervi.
956 2021 980 2059 aa

133 2077 161 2130 Si
178 2078 317 2146 proprium
335 2079 385 2132 hoc
401 2078 492 2144 fuerit,
508 2077 561 2130 levi
580 2078 616 2130 do
633 2095 767 2134 urarrnore
785 2086 843 2134 totu

136 2153 251 2207 Puniceo
269 2153 354 2205 stabis
372 2169 449 2205 suras
466 2153 572 2204 evincta
590 2153 727 2208 cothurno.

137 2229 165 2284 Τ.
185 2229 279 2283 Sinum
297 2229 375 2282 lactis
392 2232 421 2282 oi
439 2230 506 2283 haec
522 2231 552 2282 te
569 2227 632 2294 libs,
652 2227 758 2298 Priape,
777 2235 939 2300 quotannis

133 2307 300 2374 Exspectare
318 2309 361 2360 sai
378 2309 436 2360 est:
455 2309 545 2361 custos
563 2322 593 2359 cs
610 2307 737 2374 pauperis
754 2307 835 2364 horti.

132 2383 212 2436 Nunc
229 2387 258 2435 be
275 2399 456 2438 marmoreum
473 2399 523 2452 pro
540 2387 665 2450 tempore
682 2378 811 2450 focinus,
830 2391 859 2440 at
877 2390 915 2454 tu,
957 2403 981 2440 as

132 2457 161 2512 Si
179 2459 268 2512 fetura
285 2476 397 2527 gregem
416 2460 590 2528 suppleverit,
608 2477 706 2514 aureus
725 2465 790 2514 osto.

168 2534 196 2590 C.
214 2536 316 2590 Nerine
335 2537 454 2600 Galatea,
472 2537 564 2605 thymo
583 2537 648 2590 rnihi
665 2536 770 2590 dulcior·
789 2539 904 2608 Hyblae,

133 2612 281 2666 Candidior
298 2615 394 2682 cycnis,
412 2614 516 2668 hedera
533 2615 675 2668 formosior
693 2614 761 2681 alba,

132 2689 201 2742 Cum
218 2691 336 2758 primurn
354 2692 426 2759 pasti
444 2694 570 2760 repetent
588 2691 730 2760 praesepia
747 2694 827 2759 tauri,

132 2764 160 2816 Si
178 2781 234 2834 qua
251 2767 292 2818 tui
312 2768 460 2835 Corydonis
478 2769 562 2822 habeb
580 2772 609 2822 ie
627 2785 698 2836 cura,
718 2771 816 2823 venite.
957 2786 982 2824 so

64 2897 66 2900 ,
136 2839 164 2892 Τ.
184 2842 273 2897 Imnro
292 2860 343 2911 ego
362 2844 502 2898 Sardoniis
520 2846 615 2898 videar
633 2845 682 2899 tibi
700 2847 817 2899 anuarior
836 2848 935 2915 herbis,

132 2917 279 2972 Horridior
296 2937 383 2990 rusco,
401 2923 522 2990 proiecta
539 2923 618 2976 vilior
634 2923 702 2989 alga,

132 2993 161 3048 Si
178 2995 244 3048 mihi
262 3014 316 3050 non
334 2997 400 3052 haee
417 2999 464 3052 lux
482 3003 541 3053 toto
558 3000 612 3052 iam
630 2999 735 3065 longior
751 3015 822 3052 anno
839 3003 890 3054 cst.

37 3069 39 3072 ’
133 3071 305 3126 Isodomum
323 3075 403 3141 pusii,
422 3075 444 3128 si
463 3075 524 3144 quis
542 3075 637 3144 pudor,
655 3075 694 3129 ite
711 3075 823 3128 iuvenci.

169 3146 196 3201 C.
214 3148 333 3204 Muscosi
351 3151 440 3204 fontes
458 3157 486 3206 ci
504 3168 598 3205 somno
615 3151 723 3204 mollior
740 3150 833 3217 herba,
958 3165 981 3203 eo

134 3223 171 3278 Ill:
189 3241 324 3294 quassos
342 3245 405 3283 rura
423 3229 518 3282 viridis
536 3229 607 3298 legii
625 3228 740 3282 arbutus
758 3227 861 3293 umbra,
