2172 3506
101 154 145 204 218
313 152 341 200 P.
362 151 516 200 VERGILI
534 150 700 200 MARONIS

100 233 239 288 Sternitur
258 231 396 286 Arcadiae
413 233 510 300 proles,
529 235 689 286 sternuntur
707 232 823 298 Etiamsi,

101 309 136 362 lit
154 325 208 376 ros,
228 325 244 362 o
262 308 353 362 Graiis
371 308 508 376 imperdita
525 325 645 376 corpora,
665 309 768 362 Teucri.
916 328 955 367 eso

101 386 220 454 Agmina
237 389 403 439 concurrunt
421 383 591 453 ducibusque
608 389 638 438 et
655 385 758 439 viribus
777 389 879 455 aralius.

101 462 227 516 Extremi
246 462 400 516 addensent
417 461 505 526 aciee;
524 479 573 514 noc
591 461 673 515 turba
690 463 792 516 moveri

101 539 166 593 'l’ela
185 554 336 606 manusque
354 538 427 591 sinit.
466 537 539 590 Hinc
557 537 647 591 Pallas
664 539 750 592 instat
768 543 797 592 et
814 549 924 608 urguet,

104 615 176 669 llioc
194 619 289 668 contra
308 615 419 676 Lausus,
436 630 487 667 nec
504 615 620 668 multum
640 615 777 683 discrepat
794 621 880 685 aetas,

103 692 211 759 Egregii
230 692 331 757 forma3
350 691 399 744 sed
417 691 478 759 quis
496 692 605 744 fortuna
623 696 736 759 negarat
917 710 955 748 aas

106 767 135 822 lu
154 767 273 835 patriam
292 767 405 820 reditus.
442 767 521 835 Ipsos
538 783 701 822 concurrere
717 785 814 838 passus

105 843 185 897 Haud
203 848 295 898 tanreu
313 845 388 898 iuter
405 860 435 897 se
452 843 544 911 inagni
563 847 692 911 regnator
711 843 836 913 Olympi;

104 919 167 972 llox
186 919 248 974 illos
266 937 314 974 sna
333 921 391 974 lata
409 923 521 973 manent
539 921 641 973 nemore
660 919 709 973 snb
727 921 812 974 hoste.

136 995 246 1050 Interea
264 1012 341 1049 soror
359 997 429 1049 alma
447 999 541 1049 monet
560 997 707 1050 succedere
726 997 813 1050 Lauso

102 1071 229 1140 Turnum,
248 1074 295 1142 qui
313 1073 416 1126 volucri
434 1089 516 1126 curru
534 1072 654 1126 medium
674 1080 748 1126 secat
764 1090 870 1140 agonen.
916 1089 957 1127 rso

101 1147 141 1202 Ut
157 1147 227 1201 vidit
245 1148 344 1202 socios:
364 1148 482 1216 Tempus
500 1148 635 1201 desistere
652 1165 773 1217 pugnae3

101 1223 180 1278 Solus
197 1241 248 1292 ego
265 1225 294 1278 iu
313 1224 437 1277 Pallanta
454 1225 542 1288 feror3
560 1223 608 1276 soli
627 1224 693 1276 mihi
712 1224 801 1278 Pallas

102 1299 245 1367 Debetur;
262 1317 391 1370 cuperem
409 1301 468 1368 ipse
486 1315 585 1368 parens
603 1304 741 1368 spectator
758 1302 876 1356 adesset

103 1377 178 1430 Haec
195 1378 249 1442 uit;
267 1382 296 1432 et
313 1376 379 1431 sccii
396 1379 538 1430 cesserunt
555 1391 673 1444 aequore
690 1377 770 1431 iusso.

106 1457 152 1520 At,
172 1453 305 1507 Rutulum
324 1453 458 1521 abscessu,
476 1452 581 1506 invenis
599 1456 659 1506 tum
676 1453 750 1506 iussa
768 1455 886 1523 superba
915 1465 957 1510 ‘aas

106 1529 221 1582 Miratus
239 1535 333 1598 stupet
351 1531 379 1582 in
397 1530 496 1596 Turno,
513 1545 666 1598 corpusque
683 1530 848 1598 peringens

104 1604 218 1659 immina
233 1606 324 1670 volvit,
340 1605 457 1673 obitque
475 1605 548 1658 truci
565 1605 660 1674 procul
678 1607 769 1659 omnia
787 1607 853 1674 visu,

101 1679 210 1732 Talibus
228 1685 257 1733 et
275 1681 357 1734 dictis
374 1681 398 1734 it
415 1684 511 1734 eontra
529 1680 604 1734 dicta
621 1682 744 1750 tyranni:

102 1757 161 1810 Aut
179 1757 271 1826 spoliis
289 1773 340 1825 ego
358 1757 412 1810 iam
430 1757 517 1825 raptis
534 1755 668 1810 laudabor
686 1759 792 1827 opimis,

102 1835 161 1887 Aut
172 1833 235 1890 leto
254 1833 371 1901 insigui;
389 1834 457 1886 sorti
475 1837 555 1900 pater
572 1849 676 1901 aequus
695 1835 807 1902 utrique
824 1839 874 1888 est.
916 1851 957 1889 aso

101 1908 176 1962 Tollo
194 1911 287 1963 minas.
325 1910 409 1962 Fatus
427 1909 548 1962 medium
566 1910 691 1976 procedit
709 1910 865 1980 insequor.

4 2051 5 2056 Ἰ
103 1985 230 2053 Frigidus
250 1986 404 2039 Arcadibus
422 1987 476 2038 coit
494 1986 521 2038 iu
539 1987 699 2054 praecordia
716 1990 834 2056 sanguis.

101 2062 220 2116 Desiluit
238 2063 344 2115 'l‘nrnus
362 2061 479 2130 biiugis;
497 2063 581 2130 pedes
599 2067 714 2130 apparat
731 2065 771 2116 irc

73 2151 80 2168 ³
101 2137 263 2191 Comminus.
300 2138 394 2206 thue
412 2138 462 2205 leo,
481 2137 590 2206 specula
607 2154 673 2192 cum·
687 2140 756 2193 vidit
772 2140 808 2194 ab
827 2142 882 2196 alta

100 2213 180 2268 Stare
192 2214 286 2282 procul
299 2215 402 2283 campis
414 2214 594 2267 meditantem
607 2214 635 2267 in
647 2215 752 2282 proelia
762 2219 880 2283 taurum,
918 2235 958 2274 ses

101 2289 327 2347 Advolatt..haud
344 2290 398 2342 alia
415 2293 458 2343 est
477 2289 560 2342 'lurni
579 2291 714 2344 venientis
731 2291 829 2360 imago.

16 2433 19 2439 Ι
100 2365 182 2418 Hunc
203 2364 251 2417 ubi
271 2366 428 2432 contiguum
448 2367 547 2418 missae
565 2366 623 2419 fore
641 2367 760 2422 credidit
778 2369 881 2437 hastae,

101 2441 147 2494 Ire
165 2441 241 2510 prior
262 2439 358 2508 Palles,
378 2441 401 2493 si
420 2457 474 2510 qua
492 2443 548 2494 sors
566 2442 678 2496 adiuvet
697 2459 792 2497 ausum

100 2517 214 2570 Viribus
231 2517 379 2585 inparibus,
399 2533 582 2586 irragnumque
600 2519 640 2572 ita
657 2519 693 2572 ad
711 2521 824 2574 aethera
840 2523 937 2575 fatur:

101 2595 153 2647 Per
164 2595 252 2663 patris
265 2593 413 2662 hospitium
427 2598 456 2647 et
467 2609 583 2662 mensas,
596 2611 664 2663 qrras
676 2597 781 2650 advena
793 2596 883 2663 adisti,
917 2613 957 2652 soo

99 2670 136 2723 Te
155 2687 258 2738 precor,
280 2670 386 2737 Alcide,
406 2669 509 2736 coeptis
526 2669 686 2738 ingentibus
704 2672 784 2726 adsis

99 2745 201 2798 Cernat
220 2748 348 2799 semineci
367 2747 418 2798 sibi
437 2763 480 2798 me
498 2762 596 2816 rapere
615 2763 690 2802 arura
707 2754 828 2816 cruente,

101 2822 294 2890 Victoremquc
313 2824 403 2875 serant
422 2823 565 2876 morientia
583 2823 687 2877 lumina
704 2825 795 2878 Turni.

101 2897 199 2949 Audiit
218 2898 331 2949 Alcides
349 2898 481 2962 irrveuem,
501 2913 684 2967 magnumque
702 2899 752 2952 sub
770 2901 825 2952 imo

99 2969 188 3022 Oordc
207 2974 309 3039 premit
326 2974 460 3040 gemitum
478 2973 659 3041 lacrimasque
677 2975 907 3033 effunditiuanis.
918 2995 957 3033 sos

99 3041 167 3094 rum
186 3045 301 3099 Genitor
319 3051 414 3099 natum
433 3046 513 3098 dictis
532 3047 643 3102 adfatur
662 3051 771 3104 suricis:
818 3066 823 3088 .·
892 3081 896 3088 ·

99 3114 229 3170 Statana
247 3123 345 3188 cuique
364 3123 440 3183 dies;
458 3119 542 3173 breve
560 3126 590 3175 et
608 3124 791 3193 inreparabile
808 3133 920 3198 tempus

7 3234 14 3239 μ
98 3183 232 3250 Omnibus
250 3199 293 3246 est
311 3195 401 3254 ritae:
420 3195 469 3246 sed
487 3194 585 3247 irrisam
605 3202 755 3254 extendere
767 3204 857 3271 i'sstis,
