<?xml version="1.0" encoding="UTF-8"?>
<!DOCTYPE html PUBLIC "-//W3C//DTD XHTML 1.0 Transitional//EN"
    "http://www.w3.org/TR/xhtml1/DTD/xhtml1-transitional.dtd">
<html xmlns="http://www.w3.org/1999/xhtml" xml:lang="en" lang="en">
 <head>
  <title>
</title>
<meta http-equiv="Content-Type" content="text/html;charset=utf-8" />
  <meta name='ocr-system' content='tesseract 3.04.00' />
  <meta name='ocr-capabilities' content='ocr_page ocr_carea ocr_par ocr_line ocrx_word'/>
</head>
<body>
  <div class='ocr_page' id='page_1' title='image "./operaexrecensio03virggoog_0240.png"; bbox 0 0 2174 3502; ppageno 0'>
   <div class='ocr_carea' id='block_1_1' title="bbox 98 111 716 194">
    <p class='ocr_par' dir='ltr' id='par_1_1' title="bbox 98 111 716 194">
     <span class='ocr_line' id='line_1_1' title="bbox 98 111 716 194; baseline -0.01 0"><span class='ocrx_word' id='word_1_1' title='bbox 98 147 144 194; x_wconf 79' lang='lat' dir='ltr'><strong>aas</strong></span> <span class='ocrx_word' id='word_1_2' title='bbox 329 142 358 191; x_wconf 81' lang='lat' dir='ltr'><strong>r.</strong></span> <span class='ocrx_word' id='word_1_3' title='bbox 378 111 532 189; x_wconf 73' lang='lat' dir='ltr'><strong>vescier</strong></span> <span class='ocrx_word' id='word_1_4' title='bbox 549 141 716 190; x_wconf 72' lang='lat' dir='ltr'><strong>Maeonis</strong></span> 
     </span>
    </p>
   </div>
   <div class='ocr_carea' id='block_1_2' title="bbox 96 219 956 367">
    <p class='ocr_par' dir='ltr' id='par_1_2' title="bbox 96 219 956 367">
     <span class='ocr_line' id='line_1_2' title="bbox 96 219 682 293; baseline -0.014 -12"><span class='ocrx_word' id='word_1_5' title='bbox 96 228 214 293; x_wconf 85' lang='lat' dir='ltr'><strong>Aeneas,</strong></span> <span class='ocrx_word' id='word_1_6' title='bbox 233 223 308 279; x_wconf 89' lang='lat' dir='ltr'><strong>tristi</strong></span> <span class='ocrx_word' id='word_1_7' title='bbox 326 222 454 278; x_wconf 85' lang='lat' dir='ltr'><strong>turbatus</strong></span> <span class='ocrx_word' id='word_1_8' title='bbox 472 225 585 289; x_wconf 87' lang='lat' dir='ltr'><strong>pectora</strong></span> <span class='ocrx_word' id='word_1_9' title='bbox 603 219 682 287; x_wconf 89' lang='lat' dir='ltr'><strong>bello,</strong></span> 
     </span>
     <span class='ocr_line' id='line_1_3' title="bbox 96 296 956 367; baseline -0.005 -8"><span class='ocrx_word' id='word_1_10' title='bbox 96 296 244 358; x_wconf 77' lang='lat' dir='ltr'><strong>Procubuit</strong></span> <span class='ocrx_word' id='word_1_11' title='bbox 262 315 407 367; x_wconf 86' lang='lat' dir='ltr'><strong>seramque</strong></span> <span class='ocrx_word' id='word_1_12' title='bbox 425 298 504 352; x_wconf 80' lang='lat' dir='ltr'>dedit</span> <span class='ocrx_word' id='word_1_13' title='bbox 521 315 571 366; x_wconf 90' lang='lat' dir='ltr'><strong>per</strong></span> <span class='ocrx_word' id='word_1_14' title='bbox 588 297 711 351; x_wconf 89' lang='lat' dir='ltr'><strong>membra</strong></span> <span class='ocrx_word' id='word_1_15' title='bbox 728 301 861 367; x_wconf 81' lang='lat' dir='ltr'><strong>quietem,</strong></span> <span class='ocrx_word' id='word_1_16' title='bbox 930 313 956 354; x_wconf 74' lang='lat' dir='ltr'><strong>so</strong></span> 
     </span>
    </p>
   </div>
   <div class='ocr_carea' id='block_1_3' title="bbox 95 374 1026 828">
    <p class='ocr_par' dir='ltr' id='par_1_3' title="bbox 96 374 793 445">
     <span class='ocr_line' id='line_1_4' title="bbox 96 374 793 445; baseline -0.007 -12"><span class='ocrx_word' id='word_1_17' title='bbox 96 379 169 433; x_wconf 85' lang='lat' dir='ltr'><strong>Huic</strong></span> <span class='ocrx_word' id='word_1_18' title='bbox 188 378 256 432; x_wconf 88' lang='lat' dir='ltr'><strong>deus</strong></span> <span class='ocrx_word' id='word_1_19' title='bbox 274 378 333 445; x_wconf 90' lang='lat' dir='ltr'><strong>ipse</strong></span> <span class='ocrx_word' id='word_1_20' title='bbox 349 376 403 428; x_wconf 93' lang='lat' dir='ltr'><strong>loci</strong></span> <span class='ocrx_word' id='word_1_21' title='bbox 421 374 502 427; x_wconf 85' lang='lat' dir='ltr'><strong>fluvio</strong></span> <span class='ocrx_word' id='word_1_22' title='bbox 521 375 663 428; x_wconf 81' lang='lat' dir='ltr'><strong>Tiberinus</strong></span> <span class='ocrx_word' id='word_1_23' title='bbox 680 391 793 428; x_wconf 90' lang='lat' dir='ltr'><strong>amoeno</strong></span> 
     </span>
    </p>

    <p class='ocr_par' dir='ltr' id='par_1_4' title="bbox 95 450 753 525">
     <span class='ocr_line' id='line_1_5' title="bbox 95 450 753 525; baseline -0.009 -16"><span class='ocrx_word' id='word_1_24' title='bbox 95 455 232 525; x_wconf 89' lang='lat' dir='ltr'><strong>Populeas</strong></span> <span class='ocrx_word' id='word_1_25' title='bbox 248 454 323 507; x_wconf 91' lang='lat' dir='ltr'><strong>inter</strong></span> <span class='ocrx_word' id='word_1_26' title='bbox 342 452 432 505; x_wconf 91' lang='lat' dir='ltr'><strong>senior</strong></span> <span class='ocrx_word' id='word_1_27' title='bbox 450 468 479 504; x_wconf 91' lang='lat' dir='ltr'><strong>se</strong></span> <span class='ocrx_word' id='word_1_28' title='bbox 498 451 624 504; x_wconf 72' lang='lat' dir='ltr'>attollere</span> <span class='ocrx_word' id='word_1_29' title='bbox 642 450 753 503; x_wconf 88' lang='lat' dir='ltr'><strong>frondes</strong></span> 
     </span>
    </p>

    <p class='ocr_par' dir='ltr' id='par_1_5' title="bbox 97 527 753 598">
     <span class='ocr_line' id='line_1_6' title="bbox 97 527 753 598; baseline -0.011 -12"><span class='ocrx_word' id='word_1_30' title='bbox 97 531 196 598; x_wconf 82' lang='lat' dir='ltr'><strong>Visus3</strong></span> <span class='ocrx_word' id='word_1_31' title='bbox 221 547 284 585; x_wconf 88' lang='lat' dir='ltr'><strong>eum</strong></span> <span class='ocrx_word' id='word_1_32' title='bbox 303 529 393 584; x_wconf 87' lang='lat' dir='ltr'><strong>tenuis</strong></span> <span class='ocrx_word' id='word_1_33' title='bbox 411 528 507 595; x_wconf 89' lang='lat' dir='ltr'><strong>glauco</strong></span> <span class='ocrx_word' id='word_1_34' title='bbox 525 527 635 580; x_wconf 88' lang='lat' dir='ltr'><strong>velabat</strong></span> <span class='ocrx_word' id='word_1_35' title='bbox 653 527 753 580; x_wconf 88' lang='lat' dir='ltr'><strong>amictu</strong></span> 
     </span>
    </p>

    <p class='ocr_par' dir='ltr' id='par_1_6' title="bbox 97 602 805 673">
     <span class='ocr_line' id='line_1_7' title="bbox 97 602 805 673; baseline -0.007 -12"><span class='ocrx_word' id='word_1_36' title='bbox 97 608 241 673; x_wconf 82' lang='lat' dir='ltr'><strong>Garhasus,</strong></span> <span class='ocrx_word' id='word_1_37' title='bbox 260 611 289 660; x_wconf 89' lang='lat' dir='ltr'><strong>ct</strong></span> <span class='ocrx_word' id='word_1_38' title='bbox 307 606 390 659; x_wconf 86' lang='lat' dir='ltr'><strong>crinis</strong></span> <span class='ocrx_word' id='word_1_39' title='bbox 408 603 537 656; x_wconf 86' lang='lat' dir='ltr'><strong>umbrosa</strong></span> <span class='ocrx_word' id='word_1_40' title='bbox 554 602 668 670; x_wconf 87' lang='lat' dir='ltr'><strong>tegebat</strong></span> <span class='ocrx_word' id='word_1_41' title='bbox 686 604 805 669; x_wconf 89' lang='lat' dir='ltr'><strong>arundo;</strong></span> 
     </span>
    </p>

    <p class='ocr_par' dir='ltr' id='par_1_7' title="bbox 97 679 1026 828">
     <span class='ocr_line' id='line_1_8' title="bbox 97 679 1026 738; baseline -0.003 -1"><span class='ocrx_word' id='word_1_42' title='bbox 97 685 164 738; x_wconf 87' lang='lat' dir='ltr'><strong>Tum</strong></span> <span class='ocrx_word' id='word_1_43' title='bbox 183 685 221 737; x_wconf 86' lang='lat' dir='ltr'><strong>sic</strong></span> <span class='ocrx_word' id='word_1_44' title='bbox 238 682 326 736; x_wconf 87' lang='lat' dir='ltr'><strong>adfari</strong></span> <span class='ocrx_word' id='word_1_45' title='bbox 345 685 374 734; x_wconf 90' lang='lat' dir='ltr'><strong>et</strong></span> <span class='ocrx_word' id='word_1_46' title='bbox 392 697 471 734; x_wconf 81' lang='lat' dir='ltr'><strong>curas</strong></span> <span class='ocrx_word' id='word_1_47' title='bbox 489 680 532 733; x_wconf 91' lang='lat' dir='ltr'><strong>his</strong></span> <span class='ocrx_word' id='word_1_48' title='bbox 551 679 663 733; x_wconf 88' lang='lat' dir='ltr'><strong>demere</strong></span> <span class='ocrx_word' id='word_1_49' title='bbox 681 679 775 734; x_wconf 87' lang='lat' dir='ltr'><strong>dictis:</strong></span> <span class='ocrx_word' id='word_1_50' title='bbox 928 696 954 736; x_wconf 77' lang='lat' dir='ltr'><strong>ao</strong></span> <span class='ocrx_word' id='word_1_51' title='bbox 1022 723 1026 734; x_wconf 92' lang='lat'>.</span> 
     </span>
     <span class='ocr_line' id='line_1_9' title="bbox 132 755 1011 828; baseline -0.005 -14"><span class='ocrx_word' id='word_1_52' title='bbox 132 761 155 813; x_wconf 92' lang='lat' dir='ltr'>O</span> <span class='ocrx_word' id='word_1_53' title='bbox 174 763 335 828; x_wconf 79' lang='lat' dir='ltr'><strong>satagente</strong></span> <span class='ocrx_word' id='word_1_54' title='bbox 353 758 443 825; x_wconf 89' lang='lat' dir='ltr'><strong>deum,</strong></span> <span class='ocrx_word' id='word_1_55' title='bbox 462 757 606 810; x_wconf 84' lang='lat' dir='ltr'><strong>Troianam</strong></span> <span class='ocrx_word' id='word_1_56' title='bbox 625 773 660 810; x_wconf 87' lang='lat' dir='ltr'><strong>ex</strong></span> <span class='ocrx_word' id='word_1_57' title='bbox 677 755 800 809; x_wconf 74' lang='lat' dir='ltr'><strong>hostibus</strong></span> <span class='ocrx_word' id='word_1_58' title='bbox 818 757 916 810; x_wconf 91' lang='lat' dir='ltr'><strong>urbem</strong></span> <span class='ocrx_word' id='word_1_59' title='bbox 999 761 1011 783; x_wconf 79' lang='lat'><strong><em>⁹</em></strong></span> 
     </span>
    </p>
   </div>
   <div class='ocr_carea' id='block_1_4' title="bbox 97 833 954 1127">
    <p class='ocr_par' dir='ltr' id='par_1_8' title="bbox 97 833 829 981">
     <span class='ocr_line' id='line_1_10' title="bbox 98 833 829 902; baseline -0.007 -12"><span class='ocrx_word' id='word_1_60' title='bbox 98 836 150 900; x_wconf 84' lang='lat' dir='ltr'><strong>Qui</strong></span> <span class='ocrx_word' id='word_1_61' title='bbox 168 837 275 890; x_wconf 82' lang='lat' dir='ltr'>revehis</span> <span class='ocrx_word' id='word_1_62' title='bbox 294 835 437 888; x_wconf 85' lang='lat' dir='ltr'><strong>nobist</strong></span> <span class='ocrx_word' id='word_1_63' title='bbox 391 838 437 888; x_wconf 87' lang='lat' dir='ltr'><strong>aet</strong></span> <span class='ocrx_word' id='word_1_64' title='bbox 438 850 558 902; x_wconf 88' lang='lat' dir='ltr'><strong>emaque</strong></span> <span class='ocrx_word' id='word_1_65' title='bbox 578 833 714 900; x_wconf 89' lang='lat' dir='ltr'><strong>Pergama</strong></span> <span class='ocrx_word' id='word_1_66' title='bbox 730 849 829 899; x_wconf 75' lang='lat' dir='ltr'><strong>servae,</strong></span> 
     </span>
     <span class='ocr_line' id='line_1_11' title="bbox 97 909 766 981; baseline -0.006 -16"><span class='ocrx_word' id='word_1_67' title='bbox 97 913 263 981; x_wconf 77' lang='lat' dir='ltr'><strong>Exspectate</strong></span> <span class='ocrx_word' id='word_1_68' title='bbox 282 913 338 966; x_wconf 90' lang='lat' dir='ltr'><strong>solo</strong></span> <span class='ocrx_word' id='word_1_69' title='bbox 358 911 488 964; x_wconf 75' lang='lat' dir='ltr'><strong>Laurenti</strong></span> <span class='ocrx_word' id='word_1_70' title='bbox 507 909 634 977; x_wconf 83' lang='lat' dir='ltr'><strong>arvisque</strong></span> <span class='ocrx_word' id='word_1_71' title='bbox 653 909 713 963; x_wconf 82' lang='lat' dir='ltr'><strong>hat</strong></span> <span class='ocrx_word' id='word_1_72' title='bbox 694 909 766 976; x_wconf 82' lang='lat' dir='ltr'><strong>tinis,</strong></span> 
     </span>
    </p>

    <p class='ocr_par' dir='ltr' id='par_1_9' title="bbox 98 963 866 1055">
     <span class='ocr_line' id='line_1_12' title="bbox 98 963 866 1055; baseline -0.003 -14"><span class='ocrx_word' id='word_1_73' title='bbox 98 989 152 1042; x_wconf 89' lang='lat' dir='ltr'><strong>Hic</strong></span> <span class='ocrx_word' id='word_1_74' title='bbox 169 989 220 1042; x_wconf 92' lang='lat' dir='ltr'><strong>tibi</strong></span> <span class='ocrx_word' id='word_1_75' title='bbox 240 991 316 1042; x_wconf 89' lang='lat' dir='ltr'><strong>certa</strong></span> <span class='ocrx_word' id='word_1_76' title='bbox 286 987 439 1055; x_wconf 85' lang='lat' dir='ltr'><strong>t,domus</strong></span> <span class='ocrx_word' id='word_1_77' title='bbox 457 987 533 1050; x_wconf 70' lang='lat' dir='ltr'><strong>certi,</strong></span> <span class='ocrx_word' id='word_1_78' title='bbox 551 1003 585 1039; x_wconf 89' lang='lat' dir='ltr'><strong>ne</strong></span> <span class='ocrx_word' id='word_1_79' title='bbox 604 984 690 1038; x_wconf 89' lang='lat' dir='ltr'><strong>absist</strong></span> <span class='ocrx_word' id='word_1_80' title='bbox 679 989 714 1052; x_wconf 88' lang='lat' dir='ltr'><strong>te,</strong></span> <span class='ocrx_word' id='word_1_81' title='bbox 734 963 866 1050; x_wconf 87' lang='lat' dir='ltr'><strong>Penates;</strong></span> 
     </span>
    </p>

    <p class='ocr_par' dir='ltr' id='par_1_10' title="bbox 97 1060 954 1127">
     <span class='ocr_line' id='line_1_13' title="bbox 97 1060 954 1127; baseline -0.004 -9"><span class='ocrx_word' id='word_1_82' title='bbox 97 1065 123 1118; x_wconf 92' lang='lat' dir='ltr'>N</span> <span class='ocrx_word' id='word_1_83' title='bbox 125 1082 159 1118; x_wconf 90' lang='lat' dir='ltr'><strong>ou</strong></span> <span class='ocrx_word' id='word_1_84' title='bbox 177 1064 242 1118; x_wconf 91' lang='lat' dir='ltr'><strong>belli</strong></span> <span class='ocrx_word' id='word_1_85' title='bbox 259 1067 366 1117; x_wconf 86' lang='lat' dir='ltr'><strong>terrere</strong></span> <span class='ocrx_word' id='word_1_86' title='bbox 383 1062 479 1127; x_wconf 90' lang='lat' dir='ltr'><strong>minis;</strong></span> <span class='ocrx_word' id='word_1_87' title='bbox 498 1065 591 1115; x_wconf 88' lang='lat' dir='ltr'><strong>tumor</strong></span> <span class='ocrx_word' id='word_1_88' title='bbox 609 1060 696 1113; x_wconf 83' lang='lat' dir='ltr'><strong>omnis</strong></span> <span class='ocrx_word' id='word_1_89' title='bbox 714 1061 767 1114; x_wconf 92' lang='lat' dir='ltr'><strong>et</strong></span> <span class='ocrx_word' id='word_1_90' title='bbox 759 1077 816 1114; x_wconf 89' lang='lat' dir='ltr'><strong>1rae</strong></span> <span class='ocrx_word' id='word_1_91' title='bbox 927 1077 954 1115; x_wconf 74' lang='lat' dir='ltr'><strong>lo</strong></span> 
     </span>
    </p>
   </div>
   <div class='ocr_carea' id='block_1_5' title="bbox 94 1140 953 3250">
    <p class='ocr_par' dir='ltr' id='par_1_11' title="bbox 97 1140 370 1195">
     <span class='ocr_line' id='line_1_14' title="bbox 97 1140 370 1195; baseline -0.007 0"><span class='ocrx_word' id='word_1_92' title='bbox 97 1141 261 1195; x_wconf 80' lang='lat' dir='ltr'>Concessere</span> <span class='ocrx_word' id='word_1_93' title='bbox 280 1140 370 1194; x_wconf 91' lang='lat' dir='ltr'><strong>deum.</strong></span> 
     </span>
    </p>

    <p class='ocr_par' dir='ltr' id='par_1_12' title="bbox 98 1215 886 1286">
     <span class='ocr_line' id='line_1_15' title="bbox 98 1215 886 1286; baseline -0.006 -15"><span class='ocrx_word' id='word_1_94' title='bbox 98 1218 211 1286; x_wconf 88' lang='lat' dir='ltr'><strong>Iamque</strong></span> <span class='ocrx_word' id='word_1_95' title='bbox 229 1217 289 1283; x_wconf 84' lang='lat' dir='ltr'><strong>tibi,</strong></span> <span class='ocrx_word' id='word_1_96' title='bbox 307 1233 342 1270; x_wconf 92' lang='lat' dir='ltr'><strong>ne</strong></span> <span class='ocrx_word' id='word_1_97' title='bbox 360 1233 431 1270; x_wconf 90' lang='lat' dir='ltr'><strong>vana</strong></span> <span class='ocrx_word' id='word_1_98' title='bbox 448 1219 529 1284; x_wconf 86' lang='lat' dir='ltr'><strong>putes</strong></span> <span class='ocrx_word' id='word_1_99' title='bbox 547 1216 616 1269; x_wconf 88' lang='lat' dir='ltr'><strong>haec</strong></span> <span class='ocrx_word' id='word_1_100' title='bbox 633 1215 737 1282; x_wconf 87' lang='lat' dir='ltr'><strong>fingere</strong></span> <span class='ocrx_word' id='word_1_101' title='bbox 754 1230 886 1281; x_wconf 87' lang='lat' dir='ltr'><strong>somnum,</strong></span> 
     </span>
    </p>

    <p class='ocr_par' dir='ltr' id='par_1_13' title="bbox 97 1290 725 1361">
     <span class='ocr_line' id='line_1_16' title="bbox 97 1290 725 1361; baseline -0.003 -15"><span class='ocrx_word' id='word_1_102' title='bbox 97 1293 216 1348; x_wconf 89' lang='lat' dir='ltr'><strong>Litoreis</strong></span> <span class='ocrx_word' id='word_1_103' title='bbox 233 1294 330 1361; x_wconf 90' lang='lat' dir='ltr'><strong>ingens</strong></span> <span class='ocrx_word' id='word_1_104' title='bbox 348 1293 459 1346; x_wconf 85' lang='lat' dir='ltr'><strong>inventa</strong></span> <span class='ocrx_word' id='word_1_105' title='bbox 477 1291 528 1344; x_wconf 85' lang='lat' dir='ltr'><strong>sub</strong></span> <span class='ocrx_word' id='word_1_106' title='bbox 546 1290 654 1344; x_wconf 84' lang='lat' dir='ltr'><strong>ilicibus</strong></span> <span class='ocrx_word' id='word_1_107' title='bbox 672 1307 725 1357; x_wconf 85' lang='lat' dir='ltr'><strong>sus,</strong></span> 
     </span>
    </p>

    <p class='ocr_par' dir='ltr' id='par_1_14' title="bbox 97 1366 683 1438">
     <span class='ocr_line' id='line_1_17' title="bbox 97 1366 683 1438; baseline -0.005 -16"><span class='ocrx_word' id='word_1_108' title='bbox 97 1370 221 1438; x_wconf 81' lang='lat' dir='ltr'><strong>Triginta</strong></span> <span class='ocrx_word' id='word_1_109' title='bbox 238 1369 359 1438; x_wconf 88' lang='lat' dir='ltr'><strong>capitum</strong></span> <span class='ocrx_word' id='word_1_110' title='bbox 377 1369 451 1422; x_wconf 82' lang='lat' dir='ltr'><strong>fetus</strong></span> <span class='ocrx_word' id='word_1_111' title='bbox 469 1367 556 1434; x_wconf 80' lang='lat' dir='ltr'><strong>enixa,</strong></span> <span class='ocrx_word' id='word_1_112' title='bbox 575 1366 683 1434; x_wconf 90' lang='lat' dir='ltr'><strong>iacebit,</strong></span> 
     </span>
    </p>

    <p class='ocr_par' dir='ltr' id='par_1_15' title="bbox 98 1442 952 1513">
     <span class='ocr_line' id='line_1_18' title="bbox 98 1442 952 1513; baseline -0.002 -13"><span class='ocrx_word' id='word_1_113' title='bbox 98 1446 178 1513; x_wconf 80' lang='lat' dir='ltr'><strong>Alba,</strong></span> <span class='ocrx_word' id='word_1_114' title='bbox 198 1447 255 1500; x_wconf 90' lang='lat' dir='ltr'><strong>solo</strong></span> <span class='ocrx_word' id='word_1_115' title='bbox 273 1445 415 1511; x_wconf 78' lang='lat' dir='ltr'><strong>recubans,</strong></span> <span class='ocrx_word' id='word_1_116' title='bbox 434 1443 489 1497; x_wconf 89' lang='lat' dir='ltr'><strong>albi</strong></span> <span class='ocrx_word' id='word_1_117' title='bbox 507 1444 609 1496; x_wconf 90' lang='lat' dir='ltr'><strong>circum</strong></span> <span class='ocrx_word' id='word_1_118' title='bbox 626 1442 713 1496; x_wconf 89' lang='lat' dir='ltr'><strong>ubera</strong></span> <span class='ocrx_word' id='word_1_119' title='bbox 729 1443 794 1496; x_wconf 86' lang='lat' dir='ltr'><strong>nati.</strong></span> <span class='ocrx_word' id='word_1_120' title='bbox 925 1457 952 1498; x_wconf 77' lang='lat'><strong>⁴⁶</strong></span> 
     </span>
    </p>

    <p class='ocr_par' dir='ltr' id='par_1_16' title="bbox 97 1518 837 1587">
     <span class='ocr_line' id='line_1_19' title="bbox 97 1518 837 1587; baseline -0.004 -13"><span class='ocrx_word' id='word_1_121' title='bbox 97 1522 152 1576; x_wconf 91' lang='lat' dir='ltr'><strong>Hic</strong></span> <span class='ocrx_word' id='word_1_122' title='bbox 168 1523 244 1576; x_wconf 87' lang='lat' dir='ltr'><strong>locus</strong></span> <span class='ocrx_word' id='word_1_123' title='bbox 262 1521 338 1574; x_wconf 86' lang='lat' dir='ltr'><strong>urhis</strong></span> <span class='ocrx_word' id='word_1_124' title='bbox 357 1521 417 1587; x_wconf 88' lang='lat' dir='ltr'><strong>erit,</strong></span> <span class='ocrx_word' id='word_1_125' title='bbox 437 1519 545 1587; x_wconf 83' lang='lat' dir='ltr'><strong>requies</strong></span> <span class='ocrx_word' id='word_1_126' title='bbox 563 1534 597 1572; x_wconf 89' lang='lat' dir='ltr'><strong>ea</strong></span> <span class='ocrx_word' id='word_1_127' title='bbox 614 1523 690 1573; x_wconf 86' lang='lat' dir='ltr'><strong>certa</strong></span> <span class='ocrx_word' id='word_1_128' title='bbox 707 1518 837 1586; x_wconf 88' lang='lat' dir='ltr'><strong>laborum,</strong></span> 
     </span>
    </p>

    <p class='ocr_par' dir='ltr' id='par_1_17' title="bbox 97 1595 780 1667">
     <span class='ocr_line' id='line_1_20' title="bbox 97 1595 780 1667; baseline -0.004 -17"><span class='ocrx_word' id='word_1_129' title='bbox 97 1597 140 1650; x_wconf 82' lang='lat' dir='ltr'><strong>lln</strong></span> <span class='ocrx_word' id='word_1_130' title='bbox 159 1615 213 1667; x_wconf 92' lang='lat' dir='ltr'><strong>quo</strong></span> <span class='ocrx_word' id='word_1_131' title='bbox 231 1603 276 1652; x_wconf 91' lang='lat' dir='ltr'><strong>ter</strong></span> <span class='ocrx_word' id='word_1_132' title='bbox 294 1597 372 1651; x_wconf 88' lang='lat' dir='ltr'><strong>denis</strong></span> <span class='ocrx_word' id='word_1_133' title='bbox 390 1595 487 1650; x_wconf 88' lang='lat' dir='ltr'><strong>urbem</strong></span> <span class='ocrx_word' id='word_1_134' title='bbox 505 1595 686 1649; x_wconf 87' lang='lat' dir='ltr'><strong>redeuntibus</strong></span> <span class='ocrx_word' id='word_1_135' title='bbox 704 1595 780 1647; x_wconf 89' lang='lat' dir='ltr'><strong>annis</strong></span> 
     </span>
    </p>

    <p class='ocr_par' dir='ltr' id='par_1_18' title="bbox 97 1671 744 1740">
     <span class='ocr_line' id='line_1_21' title="bbox 97 1671 744 1740; baseline -0.003 -15"><span class='ocrx_word' id='word_1_136' title='bbox 97 1676 230 1728; x_wconf 85' lang='lat' dir='ltr'><strong>Ascanius</strong></span> <span class='ocrx_word' id='word_1_137' title='bbox 248 1673 313 1727; x_wconf 90' lang='lat' dir='ltr'><strong>clari</strong></span> <span class='ocrx_word' id='word_1_138' title='bbox 332 1672 432 1727; x_wconf 89' lang='lat' dir='ltr'><strong>condet</strong></span> <span class='ocrx_word' id='word_1_139' title='bbox 450 1671 617 1740; x_wconf 82' lang='lat' dir='ltr'><strong>cognominis</strong></span> <span class='ocrx_word' id='word_1_140' title='bbox 637 1671 744 1724; x_wconf 85' lang='lat' dir='ltr'><strong>Albam.</strong></span> 
     </span>
    </p>

    <p class='ocr_par' dir='ltr' id='par_1_19' title="bbox 97 1747 922 1816">
     <span class='ocr_line' id='line_1_22' title="bbox 97 1747 922 1816; baseline 0 -14"><span class='ocrx_word' id='word_1_141' title='bbox 97 1749 181 1803; x_wconf 88' lang='lat' dir='ltr'><strong>Haud</strong></span> <span class='ocrx_word' id='word_1_142' title='bbox 198 1751 303 1804; x_wconf 91' lang='lat' dir='ltr'><strong>incerta</strong></span> <span class='ocrx_word' id='word_1_143' title='bbox 321 1765 395 1802; x_wconf 90' lang='lat' dir='ltr'><strong>cano.</strong></span> <span class='ocrx_word' id='word_1_144' title='bbox 433 1747 513 1801; x_wconf 90' lang='lat' dir='ltr'><strong>Nunc</strong></span> <span class='ocrx_word' id='word_1_145' title='bbox 531 1763 585 1816; x_wconf 91' lang='lat' dir='ltr'><strong>qua</strong></span> <span class='ocrx_word' id='word_1_146' title='bbox 603 1748 718 1813; x_wconf 86' lang='lat' dir='ltr'><strong>rationo,</strong></span> <span class='ocrx_word' id='word_1_147' title='bbox 736 1747 809 1815; x_wconf 90' lang='lat' dir='ltr'><strong>quod</strong></span> <span class='ocrx_word' id='word_1_148' title='bbox 827 1748 922 1816; x_wconf 71' lang='lat' dir='ltr'><strong>instat,</strong></span> 
     </span>
    </p>

    <p class='ocr_par' dir='ltr' id='par_1_20' title="bbox 97 1823 953 1894">
     <span class='ocr_line' id='line_1_23' title="bbox 97 1823 953 1894; baseline -0.001 -16"><span class='ocrx_word' id='word_1_149' title='bbox 97 1826 233 1894; x_wconf 83' lang='lat' dir='ltr'><strong>Expedias</strong></span> <span class='ocrx_word' id='word_1_150' title='bbox 251 1826 345 1891; x_wconf 84' lang='lat' dir='ltr'><strong>victor,</strong></span> <span class='ocrx_word' id='word_1_151' title='bbox 363 1825 465 1893; x_wconf 88' lang='lat' dir='ltr'><strong>paucis,</strong></span> <span class='ocrx_word' id='word_1_152' title='bbox 484 1824 606 1891; x_wconf 81' lang='lat' dir='ltr'><strong>adverte,</strong></span> <span class='ocrx_word' id='word_1_153' title='bbox 625 1823 735 1878; x_wconf 89' lang='lat' dir='ltr'><strong>docebo.</strong></span> <span class='ocrx_word' id='word_1_154' title='bbox 927 1837 953 1877; x_wconf 79' lang='lat' dir='ltr'><strong>oo</strong></span> 
     </span>
    </p>

    <p class='ocr_par' dir='ltr' id='par_1_21' title="bbox 97 1899 820 1968">
     <span class='ocr_line' id='line_1_24' title="bbox 97 1899 820 1968; baseline -0.003 -14"><span class='ocrx_word' id='word_1_155' title='bbox 97 1903 221 1956; x_wconf 80' lang='lat' dir='ltr'><strong>Arcades</strong></span> <span class='ocrx_word' id='word_1_156' title='bbox 239 1903 281 1955; x_wconf 91' lang='lat' dir='ltr'><strong>his</strong></span> <span class='ocrx_word' id='word_1_157' title='bbox 300 1901 361 1968; x_wconf 90' lang='lat' dir='ltr'><strong>oris,</strong></span> <span class='ocrx_word' id='word_1_158' title='bbox 379 1917 466 1968; x_wconf 91' lang='lat' dir='ltr'><strong>genus</strong></span> <span class='ocrx_word' id='word_1_159' title='bbox 485 1917 501 1952; x_wconf 90' lang='lat' dir='ltr'><strong>a</strong></span> <span class='ocrx_word' id='word_1_160' title='bbox 520 1899 644 1953; x_wconf 84' lang='lat' dir='ltr'><strong>Pallante</strong></span> <span class='ocrx_word' id='word_1_161' title='bbox 661 1901 820 1968; x_wconf 85' lang='lat' dir='ltr'><strong>profectum,</strong></span> 
     </span>
    </p>

    <p class='ocr_par' dir='ltr' id='par_1_22' title="bbox 97 1976 854 2046">
     <span class='ocr_line' id='line_1_25' title="bbox 97 1976 854 2046; baseline -0.005 -15"><span class='ocrx_word' id='word_1_162' title='bbox 97 1978 148 2042; x_wconf 84' lang='lat' dir='ltr'><strong>Qui</strong></span> <span class='ocrx_word' id='word_1_163' title='bbox 166 1995 260 2046; x_wconf 90' lang='lat' dir='ltr'><strong>regem</strong></span> <span class='ocrx_word' id='word_1_164' title='bbox 279 1977 437 2031; x_wconf 85' lang='lat' dir='ltr'><strong>Euandrum</strong></span> <span class='ocrx_word' id='word_1_165' title='bbox 456 1976 577 2042; x_wconf 89' lang='lat' dir='ltr'><strong>comites,</strong></span> <span class='ocrx_word' id='word_1_166' title='bbox 596 1976 644 2044; x_wconf 94' lang='lat' dir='ltr'><strong>qui</strong></span> <span class='ocrx_word' id='word_1_167' title='bbox 664 1977 741 2043; x_wconf 89' lang='lat' dir='ltr'><strong>signa</strong></span> <span class='ocrx_word' id='word_1_168' title='bbox 758 1976 854 2043; x_wconf 87' lang='lat' dir='ltr'><strong>secuti,</strong></span> 
     </span>
    </p>

    <p class='ocr_par' dir='ltr' id='par_1_23' title="bbox 96 2051 834 2122">
     <span class='ocr_line' id='line_1_26' title="bbox 96 2051 834 2122; baseline -0.003 -16"><span class='ocrx_word' id='word_1_169' title='bbox 96 2055 229 2122; x_wconf 86' lang='lat' dir='ltr'><strong>Delegere</strong></span> <span class='ocrx_word' id='word_1_170' title='bbox 246 2055 335 2108; x_wconf 90' lang='lat' dir='ltr'><strong>locum</strong></span> <span class='ocrx_word' id='word_1_171' title='bbox 354 2056 382 2106; x_wconf 88' lang='lat' dir='ltr'><strong>et</strong></span> <span class='ocrx_word' id='word_1_172' title='bbox 400 2069 515 2122; x_wconf 88' lang='lat' dir='ltr'><strong>posuere</strong></span> <span class='ocrx_word' id='word_1_173' title='bbox 534 2051 562 2104; x_wconf 89' lang='lat' dir='ltr'><strong>in</strong></span> <span class='ocrx_word' id='word_1_174' title='bbox 580 2052 719 2105; x_wconf 89' lang='lat' dir='ltr'><strong>montibus</strong></span> <span class='ocrx_word' id='word_1_175' title='bbox 737 2052 834 2105; x_wconf 90' lang='lat' dir='ltr'><strong>urbem</strong></span> 
     </span>
    </p>

    <p class='ocr_par' dir='ltr' id='par_1_24' title="bbox 96 2127 717 2198">
     <span class='ocr_line' id='line_1_27' title="bbox 96 2127 717 2198; baseline -0.005 -16"><span class='ocrx_word' id='word_1_176' title='bbox 96 2129 227 2184; x_wconf 87' lang='lat' dir='ltr'><strong>Pallantis</strong></span> <span class='ocrx_word' id='word_1_177' title='bbox 244 2131 338 2198; x_wconf 85' lang='lat' dir='ltr'><strong>proavi</strong></span> <span class='ocrx_word' id='word_1_178' title='bbox 357 2128 392 2182; x_wconf 91' lang='lat' dir='ltr'><strong>de</strong></span> <span class='ocrx_word' id='word_1_179' title='bbox 411 2129 519 2181; x_wconf 92' lang='lat' dir='ltr'><strong>nomine</strong></span> <span class='ocrx_word' id='word_1_180' title='bbox 539 2127 717 2180; x_wconf 85' lang='lat' dir='ltr'><strong>Pallanteum.</strong></span> 
     </span>
    </p>

    <p class='ocr_par' dir='ltr' id='par_1_25' title="bbox 96 2203 952 2270">
     <span class='ocr_line' id='line_1_28' title="bbox 96 2203 952 2270; baseline -0.001 -12"><span class='ocrx_word' id='word_1_181' title='bbox 96 2205 135 2258; x_wconf 88' lang='lat' dir='ltr'><strong>lli</strong></span> <span class='ocrx_word' id='word_1_182' title='bbox 151 2206 254 2259; x_wconf 91' lang='lat' dir='ltr'><strong>bellum</strong></span> <span class='ocrx_word' id='word_1_183' title='bbox 273 2204 387 2259; x_wconf 87' lang='lat' dir='ltr'><strong>adsidue</strong></span> <span class='ocrx_word' id='word_1_184' title='bbox 406 2204 510 2257; x_wconf 89' lang='lat' dir='ltr'><strong>ducunt</strong></span> <span class='ocrx_word' id='word_1_185' title='bbox 528 2207 691 2270; x_wconf 87' lang='lat' dir='ltr'><strong>cumgente</strong></span> <span class='ocrx_word' id='word_1_186' title='bbox 711 2203 823 2266; x_wconf 84' lang='lat' dir='ltr'><strong>Latina;</strong></span> <span class='ocrx_word' id='word_1_187' title='bbox 925 2218 952 2257; x_wconf 69' lang='grc' dir='ltr'>ω</span> 
     </span>
    </p>

    <p class='ocr_par' dir='ltr' id='par_1_26' title="bbox 96 2279 781 2346">
     <span class='ocr_line' id='line_1_29' title="bbox 96 2279 781 2346; baseline -0.004 -12"><span class='ocrx_word' id='word_1_188' title='bbox 96 2282 155 2334; x_wconf 87' lang='lat' dir='ltr'><strong>Hos</strong></span> <span class='ocrx_word' id='word_1_189' title='bbox 173 2283 269 2335; x_wconf 83' lang='lat' dir='ltr'><strong>castris</strong></span> <span class='ocrx_word' id='word_1_190' title='bbox 287 2280 388 2333; x_wconf 86' lang='lat' dir='ltr'><strong>adhibe</strong></span> <span class='ocrx_word' id='word_1_191' title='bbox 406 2280 499 2346; x_wconf 83' lang='lat' dir='ltr'><strong>socios,</strong></span> <span class='ocrx_word' id='word_1_192' title='bbox 518 2283 547 2332; x_wconf 90' lang='lat' dir='ltr'><strong>et</strong></span> <span class='ocrx_word' id='word_1_193' title='bbox 564 2279 676 2332; x_wconf 86' lang='lat' dir='ltr'><strong>foedera</strong></span> <span class='ocrx_word' id='word_1_194' title='bbox 693 2279 781 2346; x_wconf 86' lang='lat' dir='ltr'><strong>iunge.</strong></span> 
     </span>
    </p>

    <p class='ocr_par' dir='ltr' id='par_1_27' title="bbox 96 2354 752 2425">
     <span class='ocr_line' id='line_1_30' title="bbox 96 2354 752 2425; baseline -0.008 -15"><span class='ocrx_word' id='word_1_195' title='bbox 96 2357 160 2425; x_wconf 88' lang='lat' dir='ltr'><strong>Ipse</strong></span> <span class='ocrx_word' id='word_1_196' title='bbox 178 2373 228 2423; x_wconf 92' lang='lat' dir='ltr'><strong>ogo</strong></span> <span class='ocrx_word' id='word_1_197' title='bbox 248 2361 275 2410; x_wconf 91' lang='lat' dir='ltr'><strong>te</strong></span> <span class='ocrx_word' id='word_1_198' title='bbox 292 2357 359 2424; x_wconf 89' lang='lat' dir='ltr'><strong>ripis</strong></span> <span class='ocrx_word' id='word_1_199' title='bbox 377 2360 406 2408; x_wconf 89' lang='lat' dir='ltr'><strong>et</strong></span> <span class='ocrx_word' id='word_1_200' title='bbox 425 2360 500 2410; x_wconf 88' lang='lat' dir='ltr'><strong>recto</strong></span> <span class='ocrx_word' id='word_1_201' title='bbox 518 2355 628 2408; x_wconf 86' lang='lat' dir='ltr'><strong>flumine</strong></span> <span class='ocrx_word' id='word_1_202' title='bbox 647 2354 752 2422; x_wconf 88' lang='lat' dir='ltr'><strong>ducam,</strong></span> 
     </span>
    </p>

    <p class='ocr_par' dir='ltr' id='par_1_28' title="bbox 96 2431 831 2500">
     <span class='ocr_line' id='line_1_31' title="bbox 96 2431 831 2500; baseline -0.005 -14"><span class='ocrx_word' id='word_1_203' title='bbox 96 2433 252 2486; x_wconf 86' lang='lat' dir='ltr'><strong>Advorsum</strong></span> <span class='ocrx_word' id='word_1_204' title='bbox 270 2433 352 2486; x_wconf 87' lang='lat' dir='ltr'><strong>remis</strong></span> <span class='ocrx_word' id='word_1_205' title='bbox 371 2447 484 2500; x_wconf 82' lang='lat' dir='ltr'><strong>superes</strong></span> <span class='ocrx_word' id='word_1_206' title='bbox 503 2431 649 2484; x_wconf 86' lang='lat' dir='ltr'><strong>subvectus</strong></span> <span class='ocrx_word' id='word_1_207' title='bbox 667 2433 700 2484; x_wconf 92' lang='lat' dir='ltr'><strong>ut</strong></span> <span class='ocrx_word' id='word_1_208' title='bbox 718 2447 831 2483; x_wconf 85' lang='lat' dir='ltr'><strong>amnem.</strong></span> 
     </span>
    </p>

    <p class='ocr_par' dir='ltr' id='par_1_29' title="bbox 96 2505 871 2576">
     <span class='ocr_line' id='line_1_32' title="bbox 96 2505 871 2576; baseline -0.005 -14"><span class='ocrx_word' id='word_1_209' title='bbox 96 2509 184 2576; x_wconf 79' lang='lat' dir='ltr'><strong>Surge</strong></span> <span class='ocrx_word' id='word_1_210' title='bbox 202 2525 261 2576; x_wconf 84' lang='lat' dir='ltr'><strong>age,</strong></span> <span class='ocrx_word' id='word_1_211' title='bbox 280 2511 344 2561; x_wconf 87' lang='lat' dir='ltr'><strong>nato</strong></span> <span class='ocrx_word' id='word_1_212' title='bbox 363 2507 423 2574; x_wconf 89' lang='lat' dir='ltr'><strong>dea,</strong></span> <span class='ocrx_word' id='word_1_213' title='bbox 441 2507 592 2575; x_wconf 86' lang='lat' dir='ltr'><strong>primisque</strong></span> <span class='ocrx_word' id='word_1_214' title='bbox 609 2505 770 2560; x_wconf 88' lang='lat' dir='ltr'><strong>cadentibus</strong></span> <span class='ocrx_word' id='word_1_215' title='bbox 788 2505 871 2558; x_wconf 89' lang='lat' dir='ltr'><strong>astris</strong></span> 
     </span>
    </p>

    <p class='ocr_par' dir='ltr' id='par_1_30' title="bbox 96 2583 953 2652">
     <span class='ocr_line' id='line_1_33' title="bbox 96 2583 953 2652; baseline -0.002 -15"><span class='ocrx_word' id='word_1_216' title='bbox 96 2584 195 2638; x_wconf 91' lang='lat' dir='ltr'><strong>Iunoni</strong></span> <span class='ocrx_word' id='word_1_217' title='bbox 212 2586 256 2637; x_wconf 83' lang='lat' dir='ltr'><strong>ier</strong></span> <span class='ocrx_word' id='word_1_218' title='bbox 272 2585 327 2637; x_wconf 90' lang='lat' dir='ltr'><strong>rite</strong></span> <span class='ocrx_word' id='word_1_219' title='bbox 345 2600 447 2652; x_wconf 83' lang='lat' dir='ltr'><strong>preces,</strong></span> <span class='ocrx_word' id='word_1_220' title='bbox 466 2583 591 2650; x_wconf 88' lang='lat' dir='ltr'><strong>iramque</strong></span> <span class='ocrx_word' id='word_1_221' title='bbox 610 2583 751 2649; x_wconf 87' lang='lat' dir='ltr'><strong>minasque</strong></span> <span class='ocrx_word' id='word_1_222' title='bbox 926 2597 953 2635; x_wconf 88' lang='lat' dir='ltr'><strong>eo</strong></span> 
     </span>
    </p>

    <p class='ocr_par' dir='ltr' id='par_1_31' title="bbox 96 2658 843 2730">
     <span class='ocr_line' id='line_1_34' title="bbox 96 2658 843 2730; baseline -0.005 -16"><span class='ocrx_word' id='word_1_223' title='bbox 96 2661 269 2730; x_wconf 83' lang='lat' dir='ltr'><strong>Supplicibus</strong></span> <span class='ocrx_word' id='word_1_224' title='bbox 287 2677 386 2730; x_wconf 88' lang='lat' dir='ltr'><strong>supera</strong></span> <span class='ocrx_word' id='word_1_225' title='bbox 404 2660 483 2713; x_wconf 80' lang='lat' dir='ltr'><strong>uotis.</strong></span> <span class='ocrx_word' id='word_1_226' title='bbox 522 2658 591 2710; x_wconf 92' lang='lat' dir='ltr'><strong>Mihi</strong></span> <span class='ocrx_word' id='word_1_227' title='bbox 609 2659 697 2712; x_wconf 85' lang='lat' dir='ltr'><strong>victor</strong></span> <span class='ocrx_word' id='word_1_228' title='bbox 714 2658 843 2711; x_wconf 91' lang='lat' dir='ltr'><strong>honorem</strong></span> 
     </span>
    </p>

    <p class='ocr_par' dir='ltr' id='par_1_32' title="bbox 96 2733 861 2804">
     <span class='ocr_line' id='line_1_35' title="bbox 96 2733 861 2804; baseline -0.004 -15"><span class='ocrx_word' id='word_1_229' title='bbox 96 2737 247 2790; x_wconf 78' lang='lat' dir='ltr'><strong>Persolver.</strong></span> <span class='ocrx_word' id='word_1_230' title='bbox 283 2737 341 2802; x_wconf 81' lang='lat' dir='ltr'><strong>Ego</strong></span> <span class='ocrx_word' id='word_1_231' title='bbox 360 2753 427 2801; x_wconf 88' lang='lat' dir='ltr'><strong>snm,</strong></span> <span class='ocrx_word' id='word_1_232' title='bbox 446 2736 526 2804; x_wconf 88' lang='lat' dir='ltr'><strong>pleno</strong></span> <span class='ocrx_word' id='word_1_233' title='bbox 544 2751 626 2803; x_wconf 90' lang='lat' dir='ltr'><strong>quem</strong></span> <span class='ocrx_word' id='word_1_234' title='bbox 644 2733 755 2786; x_wconf 89' lang='lat' dir='ltr'><strong>flumine</strong></span> <span class='ocrx_word' id='word_1_235' title='bbox 772 2733 861 2786; x_wconf 84' lang='lat' dir='ltr'><strong>cernis</strong></span> 
     </span>
    </p>

    <p class='ocr_par' dir='ltr' id='par_1_33' title="bbox 95 2809 803 2880">
     <span class='ocr_line' id='line_1_36' title="bbox 95 2809 803 2880; baseline -0.008 -16"><span class='ocrx_word' id='word_1_236' title='bbox 95 2813 281 2880; x_wconf 64' lang='lat' dir='ltr'><strong>stringentem</strong></span> <span class='ocrx_word' id='word_1_237' title='bbox 299 2812 373 2879; x_wconf 87' lang='lat' dir='ltr'><strong>ripas</strong></span> <span class='ocrx_word' id='word_1_238' title='bbox 392 2815 421 2863; x_wconf 91' lang='lat' dir='ltr'><strong>et</strong></span> <span class='ocrx_word' id='word_1_239' title='bbox 437 2811 549 2878; x_wconf 82' lang='lat' dir='ltr'><strong>pinguia</strong></span> <span class='ocrx_word' id='word_1_240' title='bbox 567 2809 640 2862; x_wconf 88' lang='lat' dir='ltr'><strong>culta</strong></span> <span class='ocrx_word' id='word_1_241' title='bbox 658 2814 803 2874; x_wconf 86' lang='lat' dir='ltr'><strong>secantem,</strong></span> 
     </span>
    </p>

    <p class='ocr_par' dir='ltr' id='par_1_34' title="bbox 95 2885 777 2953">
     <span class='ocr_line' id='line_1_37' title="bbox 95 2885 777 2953; baseline -0.005 -14"><span class='ocrx_word' id='word_1_242' title='bbox 95 2887 242 2940; x_wconf 79' lang='lat' dir='ltr'><strong>Caeruleus</strong></span> <span class='ocrx_word' id='word_1_243' title='bbox 261 2885 384 2953; x_wconf 68' lang='lat' dir='ltr'><strong>Thybris</strong></span> <span class='ocrx_word' id='word_1_244' title='bbox 403 2885 477 2938; x_wconf 88' lang='lat' dir='ltr'><strong>caelo</strong></span> <span class='ocrx_word' id='word_1_245' title='bbox 495 2885 666 2952; x_wconf 87' lang='lat' dir='ltr'><strong>gratissimus</strong></span> <span class='ocrx_word' id='word_1_246' title='bbox 684 2885 777 2936; x_wconf 76' lang='lat' dir='ltr'><strong>airuns.</strong></span> 
     </span>
    </p>

    <p class='ocr_par' dir='ltr' id='par_1_35' title="bbox 95 2959 950 3088">
     <span class='ocr_line' id='line_1_38' title="bbox 95 2959 950 3027; baseline 0.002 -15"><span class='ocrx_word' id='word_1_247' title='bbox 95 2960 150 3012; x_wconf 90' lang='lat' dir='ltr'><strong>Hic</strong></span> <span class='ocrx_word' id='word_1_248' title='bbox 168 2962 234 3013; x_wconf 89' lang='lat' dir='ltr'><strong>mihi</strong></span> <span class='ocrx_word' id='word_1_249' title='bbox 252 2976 350 3027; x_wconf 87' lang='lat' dir='ltr'><strong>magna</strong></span> <span class='ocrx_word' id='word_1_250' title='bbox 368 2961 472 3026; x_wconf 90' lang='lat' dir='ltr'><strong>domus,</strong></span> <span class='ocrx_word' id='word_1_251' title='bbox 491 2959 570 3012; x_wconf 88' lang='lat' dir='ltr'><strong>celsis</strong></span> <span class='ocrx_word' id='word_1_252' title='bbox 588 2965 671 3026; x_wconf 89' lang='lat' dir='ltr'><strong>caput</strong></span> <span class='ocrx_word' id='word_1_253' title='bbox 689 2959 810 3026; x_wconf 83' lang='lat' dir='ltr'><strong>urbibus,</strong></span> <span class='ocrx_word' id='word_1_254' title='bbox 829 2962 895 3014; x_wconf 79' lang='lat' dir='ltr'><strong>crit</strong></span> <span class='ocrx_word' id='word_1_255' title='bbox 923 2973 950 3013; x_wconf 67' lang='lat' dir='ltr'><strong>aa</strong></span> 
     </span>
     <span class='ocr_line' id='line_1_39' title="bbox 129 3033 811 3100; baseline 0.006 -17"><span class='ocrx_word' id='word_1_256' title='bbox 129 3033 214 3099; x_wconf 84' lang='lat' dir='ltr'><strong>Dixit,</strong></span> <span class='ocrx_word' id='word_1_257' title='bbox 233 3035 332 3088; x_wconf 89' lang='lat' dir='ltr'><strong>deinde</strong></span> <span class='ocrx_word' id='word_1_258' title='bbox 349 3035 411 3088; x_wconf 89' lang='lat' dir='ltr'><strong>lacu</strong></span> <span class='ocrx_word' id='word_1_259' title='bbox 430 3035 540 3086; x_wconf 82' lang='lat' dir='ltr'><strong>Fluvius</strong></span> <span class='ocrx_word' id='word_1_260' title='bbox 559 3051 588 3086; x_wconf 86' lang='lat' dir='ltr'><strong>se</strong></span> <span class='ocrx_word' id='word_1_261' title='bbox 607 3033 730 3087; x_wconf 91' lang='lat' dir='ltr'><strong>condidit</strong></span> <span class='ocrx_word' id='word_1_262' title='bbox 747 3035 811 3100; x_wconf 91' lang='lat' dir='ltr'><strong>alt0,</strong></span> 
     </span>
    </p>

    <p class='ocr_par' dir='ltr' id='par_1_36' title="bbox 95 3075 819 3177">
     <span class='ocr_line' id='line_1_40' title="bbox 95 3075 819 3177; baseline 0.013 -22"><span class='ocrx_word' id='word_1_263' title='bbox 95 3103 155 3156; x_wconf 86' lang='lat' dir='ltr'><strong>ima</strong></span> <span class='ocrx_word' id='word_1_264' title='bbox 172 3075 285 3171; x_wconf 75' lang='lat' dir='ltr'><strong>pebens;</strong></span> <span class='ocrx_word' id='word_1_265' title='bbox 308 3125 362 3160; x_wconf 86' lang='lat' dir='ltr'><strong>nox</strong></span> <span class='ocrx_word' id='word_1_266' title='bbox 383 3113 495 3162; x_wconf 89' lang='lat' dir='ltr'><strong>Aenean</strong></span> <span class='ocrx_word' id='word_1_267' title='bbox 515 3125 682 3177; x_wconf 88' lang='lat' dir='ltr'><strong>somnusque</strong></span> <span class='ocrx_word' id='word_1_268' title='bbox 700 3109 819 3177; x_wconf 86' lang='lat' dir='ltr'><strong>reliquit.</strong></span> 
     </span>
    </p>

    <p class='ocr_par' dir='ltr' id='par_1_37' title="bbox 94 3175 747 3250">
     <span class='ocr_line' id='line_1_41' title="bbox 94 3175 747 3250; baseline 0.02 -24"><span class='ocrx_word' id='word_1_269' title='bbox 94 3175 194 3243; x_wconf 80' lang='lat' dir='ltr'><strong>Surgit,</strong></span> <span class='ocrx_word' id='word_1_270' title='bbox 214 3185 250 3242; x_wconf 88' lang='lat' dir='ltr'><strong>et,</strong></span> <span class='ocrx_word' id='word_1_271' title='bbox 268 3183 382 3236; x_wconf 86' lang='lat' dir='ltr'><strong>aetherii</strong></span> <span class='ocrx_word' id='word_1_272' title='bbox 400 3188 524 3250; x_wconf 71' lang='lat' dir='ltr'><strong>spectans</strong></span> <span class='ocrx_word' id='word_1_273' title='bbox 542 3184 659 3237; x_wconf 90' lang='lat' dir='ltr'><strong>orientia</strong></span> <span class='ocrx_word' id='word_1_274' title='bbox 677 3184 747 3239; x_wconf 81' lang='lat' dir='ltr'><strong>Solis</strong></span> 
     </span>
    </p>
   </div>
   <div class='ocr_carea' id='block_1_6' title="bbox 0 0 1092 3502">
    <p class='ocr_par' dir='ltr' id='par_1_38' title="bbox 0 0 1092 3502">
     <span class='ocr_line' id='line_1_42' title="bbox 0 0 1092 3502; baseline 0 0"><span class='ocrx_word' id='word_1_275' title='bbox 0 0 1092 3502; x_wconf 95' lang='lat' dir='ltr'><strong> </strong></span> 
     </span>
    </p>
   </div>
  </div>
 </body>
</html>
