<?xml version="1.0" encoding="UTF-8"?>
<!DOCTYPE html PUBLIC "-//W3C//DTD XHTML 1.0 Transitional//EN"
    "http://www.w3.org/TR/xhtml1/DTD/xhtml1-transitional.dtd">
<html xmlns="http://www.w3.org/1999/xhtml" xml:lang="en" lang="en">
 <head>
  <title>
</title>
<meta http-equiv="Content-Type" content="text/html;charset=utf-8" />
  <meta name='ocr-system' content='tesseract 3.04.00' />
  <meta name='ocr-capabilities' content='ocr_page ocr_carea ocr_par ocr_line ocrx_word'/>
</head>
<body>
  <div class='ocr_page' id='page_1' title='image "./operaexrecensio03virggoog_0212.png"; bbox 0 0 2174 3502; ppageno 0'>
   <div class='ocr_carea' id='block_1_1' title="bbox 105 157 968 2970">
    <p class='ocr_par' dir='ltr' id='par_1_1' title="bbox 106 157 731 210">
     <span class='ocr_line' id='line_1_1' title="bbox 106 157 731 210; baseline -0.01 0"><span class='ocrx_word' id='word_1_1' title='bbox 106 166 150 210; x_wconf 72' lang='lat' dir='ltr'><strong>la]</strong></span> <span class='ocrx_word' id='word_1_2' title='bbox 347 159 376 206; x_wconf 93' lang='lat' dir='ltr'><strong>P.</strong></span> <span class='ocrx_word' id='word_1_3' title='bbox 396 159 548 205; x_wconf 80' lang='lat' dir='ltr'>VERGILI</span> <span class='ocrx_word' id='word_1_4' title='bbox 566 157 731 205; x_wconf 82' lang='lat' dir='ltr'><strong>MARONIS</strong></span> 
     </span>
    </p>

    <p class='ocr_par' dir='ltr' id='par_1_2' title="bbox 105 237 884 307">
     <span class='ocr_line' id='line_1_2' title="bbox 105 237 884 307; baseline 0 -12"><span class='ocrx_word' id='word_1_5' title='bbox 105 242 241 306; x_wconf 74' lang='lat' dir='ltr'><strong>Qurittuor</strong></span> <span class='ocrx_word' id='word_1_6' title='bbox 258 239 302 294; x_wconf 90' lang='lat' dir='ltr'><strong>hic</strong></span> <span class='ocrx_word' id='word_1_7' title='bbox 318 239 443 292; x_wconf 81' lang='lat' dir='ltr'><strong>invectus</strong></span> <span class='ocrx_word' id='word_1_8' title='bbox 461 238 539 306; x_wconf 88' lang='lat' dir='ltr'><strong>equis</strong></span> <span class='ocrx_word' id='word_1_9' title='bbox 557 241 587 291; x_wconf 89' lang='lat' dir='ltr'><strong>et</strong></span> <span class='ocrx_word' id='word_1_10' title='bbox 605 237 731 306; x_wconf 86' lang='lat' dir='ltr'><strong>lampada</strong></span> <span class='ocrx_word' id='word_1_11' title='bbox 750 256 884 307; x_wconf 84' lang='lat' dir='ltr'><strong>quassans</strong></span> 
     </span>
    </p>

    <p class='ocr_par' dir='ltr' id='par_1_3' title="bbox 105 314 966 612">
     <span class='ocr_line' id='line_1_3' title="bbox 106 314 892 385; baseline -0.003 -13"><span class='ocrx_word' id='word_1_12' title='bbox 106 319 159 372; x_wconf 85' lang='lat' dir='ltr'><strong>Per</strong></span> <span class='ocrx_word' id='word_1_13' title='bbox 176 315 422 385; x_wconf 77' lang='lat' dir='ltr'><strong>Graium‘pepules</strong></span> <span class='ocrx_word' id='word_1_14' title='bbox 439 314 601 382; x_wconf 87' lang='lat' dir='ltr'><strong>mediaeque</strong></span> <span class='ocrx_word' id='word_1_15' title='bbox 618 331 669 382; x_wconf 89' lang='lat' dir='ltr'><strong>per</strong></span> <span class='ocrx_word' id='word_1_16' title='bbox 688 314 773 367; x_wconf 82' lang='lat' dir='ltr'><strong>Elidis</strong></span> <span class='ocrx_word' id='word_1_17' title='bbox 792 316 892 370; x_wconf 84' lang='lat' dir='ltr'><strong>urbem</strong></span> 
     </span>
     <span class='ocr_line' id='line_1_4' title="bbox 105 389 817 461; baseline -0.01 -12"><span class='ocrx_word' id='word_1_18' title='bbox 105 394 169 449; x_wconf 88' lang='lat' dir='ltr'><strong>Ibat</strong></span> <span class='ocrx_word' id='word_1_19' title='bbox 187 409 278 461; x_wconf 85' lang='lat' dir='ltr'><strong>ovans,</strong></span> <span class='ocrx_word' id='word_1_20' title='bbox 297 391 444 459; x_wconf 80' lang='lat' dir='ltr'><strong>divomque</strong></span> <span class='ocrx_word' id='word_1_21' title='bbox 462 389 513 442; x_wconf 89' lang='lat' dir='ltr'><strong>sibi</strong></span> <span class='ocrx_word' id='word_1_22' title='bbox 532 390 662 458; x_wconf 87' lang='lat' dir='ltr'><strong>poscebat</strong></span> <span class='ocrx_word' id='word_1_23' title='bbox 678 389 817 458; x_wconf 89' lang='lat' dir='ltr'><strong>honorem,</strong></span> 
     </span>
     <span class='ocr_line' id='line_1_5' title="bbox 105 467 966 538; baseline -0.006 -13"><span class='ocrx_word' id='word_1_24' title='bbox 105 469 238 525; x_wconf 84' lang='lat' dir='ltr'><strong>Demens!</strong></span> <span class='ocrx_word' id='word_1_25' title='bbox 261 469 309 538; x_wconf 90' lang='lat' dir='ltr'><strong>qui</strong></span> <span class='ocrx_word' id='word_1_26' title='bbox 326 467 434 521; x_wconf 85' lang='lat' dir='ltr'>nimbos</span> <span class='ocrx_word' id='word_1_27' title='bbox 453 470 481 520; x_wconf 88' lang='lat' dir='ltr'><strong>et</strong></span> <span class='ocrx_word' id='word_1_28' title='bbox 499 483 553 518; x_wconf 89' lang='lat' dir='ltr'><strong>non</strong></span> <span class='ocrx_word' id='word_1_29' title='bbox 571 467 703 519; x_wconf 79' lang='lat' dir='ltr'><strong>imitabile</strong></span> <span class='ocrx_word' id='word_1_30' title='bbox 722 467 825 521; x_wconf 87' lang='lat' dir='ltr'><strong>fulmen</strong></span> <span class='ocrx_word' id='word_1_31' title='bbox 927 485 966 524; x_wconf 82' lang='lat' dir='ltr'><strong>seo</strong></span> 
     </span>
     <span class='ocr_line' id='line_1_6' title="bbox 106 543 836 612; baseline -0.007 -10"><span class='ocrx_word' id='word_1_32' title='bbox 106 547 181 602; x_wconf 78' lang='lat' dir='ltr'><strong>Acro</strong></span> <span class='ocrx_word' id='word_1_33' title='bbox 198 549 228 600; x_wconf 86' lang='lat' dir='ltr'><strong>ct</strong></span> <span class='ocrx_word' id='word_1_34' title='bbox 244 543 420 612; x_wconf 72' lang='lat' dir='ltr'><strong>cornipedum</strong></span> <span class='ocrx_word' id='word_1_35' title='bbox 438 543 519 612; x_wconf 83' lang='lat' dir='ltr'><strong>pulsu</strong></span> <span class='ocrx_word' id='word_1_36' title='bbox 538 543 677 596; x_wconf 84' lang='lat' dir='ltr'><strong>simularet</strong></span> <span class='ocrx_word' id='word_1_37' title='bbox 696 561 836 612; x_wconf 85' lang='lat' dir='ltr'><strong>equorum.</strong></span> 
     </span>
    </p>

    <p class='ocr_par' dir='ltr' id='par_1_4' title="bbox 107 619 841 764">
     <span class='ocr_line' id='line_1_7' title="bbox 107 619 841 693; baseline -0.01 -14"><span class='ocrx_word' id='word_1_38' title='bbox 107 625 148 678; x_wconf 79' lang='lat' dir='ltr'><strong>At</strong></span> <span class='ocrx_word' id='word_1_39' title='bbox 164 627 243 693; x_wconf 88' lang='lat' dir='ltr'><strong>pater</strong></span> <span class='ocrx_word' id='word_1_40' title='bbox 261 621 430 688; x_wconf 84' lang='lat' dir='ltr'><strong>omnipotens</strong></span> <span class='ocrx_word' id='word_1_41' title='bbox 449 619 534 672; x_wconf 87' lang='lat' dir='ltr'><strong>densa</strong></span> <span class='ocrx_word' id='word_1_42' title='bbox 545 620 624 672; x_wconf 87' lang='lat' dir='ltr'><strong>&#39;inter</strong></span> <span class='ocrx_word' id='word_1_43' title='bbox 643 619 737 672; x_wconf 89' lang='lat' dir='ltr'><strong>nubila</strong></span> <span class='ocrx_word' id='word_1_44' title='bbox 755 621 841 673; x_wconf 89' lang='lat' dir='ltr'><strong>telum</strong></span> 
     </span>
     <span class='ocr_line' id='line_1_8' title="bbox 108 695 769 764; baseline -0.009 -10"><span class='ocrx_word' id='word_1_45' title='bbox 108 699 255 764; x_wconf 83' lang='lat' dir='ltr'><strong>Contorsit,</strong></span> <span class='ocrx_word' id='word_1_46' title='bbox 274 713 327 750; x_wconf 88' lang='lat' dir='ltr'><strong>non</strong></span> <span class='ocrx_word' id='word_1_47' title='bbox 345 696 392 748; x_wconf 92' lang='lat' dir='ltr'><strong>ille</strong></span> <span class='ocrx_word' id='word_1_48' title='bbox 410 695 484 748; x_wconf 78' lang='lat' dir='ltr'><strong>sacca</strong></span> <span class='ocrx_word' id='word_1_49' title='bbox 502 712 553 748; x_wconf 88' lang='lat' dir='ltr'><strong>uec</strong></span> <span class='ocrx_word' id='word_1_50' title='bbox 571 695 662 748; x_wconf 85' lang='lat' dir='ltr'><strong>fumea</strong></span> <span class='ocrx_word' id='word_1_51' title='bbox 680 697 769 748; x_wconf 82' lang='lat' dir='ltr'><strong>taedis</strong></span> 
     </span>
    </p>

    <p class='ocr_par' dir='ltr' id='par_1_5' title="bbox 108 772 850 842">
     <span class='ocr_line' id='line_1_9' title="bbox 108 772 850 842; baseline -0.004 -13"><span class='ocrx_word' id='word_1_52' title='bbox 108 776 231 841; x_wconf 69' lang='lat' dir='ltr'><strong>Lumina,</strong></span> <span class='ocrx_word' id='word_1_53' title='bbox 249 773 482 842; x_wconf 87' lang='lat' dir='ltr'><strong>praecipitemque</strong></span> <span class='ocrx_word' id='word_1_54' title='bbox 500 772 601 824; x_wconf 88' lang='lat' dir='ltr'><strong>inmani</strong></span> <span class='ocrx_word' id='word_1_55' title='bbox 620 772 729 825; x_wconf 88' lang='lat' dir='ltr'><strong>turbine</strong></span> <span class='ocrx_word' id='word_1_56' title='bbox 747 773 850 840; x_wconf 80' lang='lat' dir='ltr'><strong>adegit.</strong></span> 
     </span>
    </p>

    <p class='ocr_par' dir='ltr' id='par_1_6' title="bbox 108 848 964 1144">
     <span class='ocr_line' id='line_1_10' title="bbox 108 848 964 916; baseline -0.005 -10"><span class='ocrx_word' id='word_1_57' title='bbox 108 852 134 905; x_wconf 89' lang='lat' dir='ltr'>N</span> <span class='ocrx_word' id='word_1_58' title='bbox 136 868 167 905; x_wconf 89' lang='lat' dir='ltr'><strong>ec</strong></span> <span class='ocrx_word' id='word_1_59' title='bbox 178 867 231 904; x_wconf 90' lang='lat' dir='ltr'><strong>non</strong></span> <span class='ocrx_word' id='word_1_60' title='bbox 245 855 275 903; x_wconf 89' lang='lat' dir='ltr'><strong>ct</strong></span> <span class='ocrx_word' id='word_1_61' title='bbox 288 849 392 916; x_wconf 75' lang='lat' dir='ltr'><strong>Tityon,</strong></span> <span class='ocrx_word' id='word_1_62' title='bbox 406 848 506 900; x_wconf 82' lang='lat' dir='ltr'><strong>Terrae</strong></span> <span class='ocrx_word' id='word_1_63' title='bbox 518 848 714 915; x_wconf 85' lang='lat' dir='ltr'><strong>omniparentis</strong></span> <span class='ocrx_word' id='word_1_64' title='bbox 727 849 875 916; x_wconf 82' lang='lat' dir='ltr'><strong>alumnum,</strong></span> <span class='ocrx_word' id='word_1_65' title='bbox 927 864 964 902; x_wconf 78' lang='lat' dir='ltr'><strong>eae</strong></span> 
     </span>
     <span class='ocr_line' id='line_1_11' title="bbox 109 924 861 993; baseline -0.004 -12"><span class='ocrx_word' id='word_1_66' title='bbox 109 928 228 982; x_wconf 82' lang='lat' dir='ltr'><strong>Cernere</strong></span> <span class='ocrx_word' id='word_1_67' title='bbox 246 928 314 991; x_wconf 88' lang='lat' dir='ltr'><strong>erat,</strong></span> <span class='ocrx_word' id='word_1_68' title='bbox 333 942 383 993; x_wconf 88' lang='lat' dir='ltr'><strong>per</strong></span> <span class='ocrx_word' id='word_1_69' title='bbox 400 927 460 976; x_wconf 91' lang='lat' dir='ltr'><strong>tota</strong></span> <span class='ocrx_word' id='word_1_70' title='bbox 477 939 573 976; x_wconf 86' lang='lat' dir='ltr'><strong>novem</strong></span> <span class='ocrx_word' id='word_1_71' title='bbox 592 924 633 976; x_wconf 89' lang='lat' dir='ltr'><strong>cui</strong></span> <span class='ocrx_word' id='word_1_72' title='bbox 652 925 745 991; x_wconf 82' lang='lat' dir='ltr'><strong>iugera</strong></span> <span class='ocrx_word' id='word_1_73' title='bbox 763 941 861 993; x_wconf 87' lang='lat' dir='ltr'><strong>cerpus</strong></span> 
     </span>
     <span class='ocr_line' id='line_1_12' title="bbox 112 999 799 1070; baseline -0.004 -14"><span class='ocrx_word' id='word_1_74' title='bbox 112 1003 271 1070; x_wconf 81' lang='lat' dir='ltr'><strong>l&#39;crrigitur,</strong></span> <span class='ocrx_word' id='word_1_75' title='bbox 289 1006 433 1068; x_wconf 85' lang='lat' dir='ltr'><strong>rostroque</strong></span> <span class='ocrx_word' id='word_1_76' title='bbox 452 1000 567 1052; x_wconf 87' lang='lat' dir='ltr'><strong>iomanis</strong></span> <span class='ocrx_word' id='word_1_77' title='bbox 587 999 677 1052; x_wconf 89' lang='lat' dir='ltr'><strong>voltur</strong></span> <span class='ocrx_word' id='word_1_78' title='bbox 695 1000 799 1053; x_wconf 88' lang='lat' dir='ltr'><strong>obunco</strong></span> 
     </span>
     <span class='ocr_line' id='line_1_13' title="bbox 112 1075 786 1144; baseline -0.004 -12"><span class='ocrx_word' id='word_1_79' title='bbox 112 1079 260 1132; x_wconf 86' lang='lat' dir='ltr'><strong>Inmortale</strong></span> <span class='ocrx_word' id='word_1_80' title='bbox 277 1079 353 1132; x_wconf 90' lang='lat' dir='ltr'><strong>iecur</strong></span> <span class='ocrx_word' id='word_1_81' title='bbox 371 1076 487 1130; x_wconf 84' lang='lat' dir='ltr'><strong>tondens</strong></span> <span class='ocrx_word' id='word_1_82' title='bbox 504 1075 675 1144; x_wconf 78' lang='lat' dir='ltr'><strong>foamdaque</strong></span> <span class='ocrx_word' id='word_1_83' title='bbox 693 1078 786 1144; x_wconf 85' lang='lat' dir='ltr'><strong>poenis</strong></span> 
     </span>
    </p>

    <p class='ocr_par' dir='ltr' id='par_1_7' title="bbox 111 1151 962 1523">
     <span class='ocr_line' id='line_1_14' title="bbox 112 1151 836 1221; baseline -0.003 -13"><span class='ocrx_word' id='word_1_84' title='bbox 112 1155 221 1208; x_wconf 82' lang='lat' dir='ltr'><strong>Viscera</strong></span> <span class='ocrx_word' id='word_1_85' title='bbox 239 1156 409 1221; x_wconf 74' lang='lat' dir='ltr'><strong>rimaturque</strong></span> <span class='ocrx_word' id='word_1_86' title='bbox 427 1153 514 1220; x_wconf 86' lang='lat' dir='ltr'><strong>epulis</strong></span> <span class='ocrx_word' id='word_1_87' title='bbox 532 1151 693 1220; x_wconf 76' lang='lat' dir='ltr'><strong>habitatque</strong></span> <span class='ocrx_word' id='word_1_88' title='bbox 712 1153 762 1205; x_wconf 80' lang='lat' dir='ltr'><strong>sub</strong></span> <span class='ocrx_word' id='word_1_89' title='bbox 780 1154 836 1206; x_wconf 89' lang='lat' dir='ltr'><strong>alto</strong></span> 
     </span>
     <span class='ocr_line' id='line_1_15' title="bbox 112 1227 962 1298; baseline -0.001 -13"><span class='ocrx_word' id='word_1_90' title='bbox 112 1233 232 1298; x_wconf 79' lang='lat' dir='ltr'><strong>Pectore,</strong></span> <span class='ocrx_word' id='word_1_91' title='bbox 250 1247 300 1284; x_wconf 90' lang='lat' dir='ltr'><strong>nec</strong></span> <span class='ocrx_word' id='word_1_92' title='bbox 318 1229 394 1282; x_wconf 82' lang='lat' dir='ltr'><strong>fibris</strong></span> <span class='ocrx_word' id='word_1_93' title='bbox 413 1229 521 1297; x_wconf 88' lang='lat' dir='ltr'><strong>requies</strong></span> <span class='ocrx_word' id='word_1_94' title='bbox 539 1227 622 1281; x_wconf 81' lang='lat' dir='ltr'><strong>datur</strong></span> <span class='ocrx_word' id='word_1_95' title='bbox 641 1229 695 1280; x_wconf 86' lang='lat' dir='ltr'><strong>nlla</strong></span> <span class='ocrx_word' id='word_1_96' title='bbox 712 1231 822 1282; x_wconf 83' lang='lat' dir='ltr'><strong>renatis</strong></span> <span class='ocrx_word' id='word_1_97' title='bbox 926 1245 962 1284; x_wconf 76' lang='lat' dir='ltr'><strong>aaa</strong></span> 
     </span>
     <span class='ocr_line' id='line_1_16' title="bbox 111 1305 871 1374; baseline -0.003 -13"><span class='ocrx_word' id='word_1_98' title='bbox 111 1308 183 1372; x_wconf 80' lang='lat' dir='ltr'><strong>Quid</strong></span> <span class='ocrx_word' id='word_1_99' title='bbox 201 1323 349 1361; x_wconf 90' lang='lat' dir='ltr'><strong>memorem</strong></span> <span class='ocrx_word' id='word_1_100' title='bbox 371 1305 508 1373; x_wconf 81' lang='lat' dir='ltr'><strong>Lapithas,</strong></span> <span class='ocrx_word' id='word_1_101' title='bbox 529 1305 625 1357; x_wconf 81' lang='lat' dir='ltr'><strong>lxiona</strong></span> <span class='ocrx_word' id='word_1_102' title='bbox 646 1305 871 1374; x_wconf 71' lang='lat' dir='ltr'><strong>Pirithoumque?</strong></span> 
     </span>
     <span class='ocr_line' id='line_1_17' title="bbox 111 1381 903 1452; baseline -0.004 -15"><span class='ocrx_word' id='word_1_103' title='bbox 111 1385 184 1448; x_wconf 83' lang='lat' dir='ltr'><strong>Quos</strong></span> <span class='ocrx_word' id='word_1_104' title='bbox 203 1399 286 1452; x_wconf 83' lang='lat' dir='ltr'><strong>super</strong></span> <span class='ocrx_word' id='word_1_105' title='bbox 304 1387 364 1435; x_wconf 85' lang='lat' dir='ltr'><strong>atra</strong></span> <span class='ocrx_word' id='word_1_106' title='bbox 383 1382 449 1452; x_wconf 72' lang='lat' dir='ltr'><strong>silex</strong></span> <span class='ocrx_word' id='word_1_107' title='bbox 468 1381 521 1433; x_wconf 90' lang='lat' dir='ltr'><strong>iam</strong></span> <span class='ocrx_word' id='word_1_108' title='bbox 540 1381 593 1434; x_wconf 87' lang='lat' dir='ltr'><strong>iam</strong></span> <span class='ocrx_word' id='word_1_109' title='bbox 612 1381 721 1449; x_wconf 82' lang='lat' dir='ltr'><strong>lapsura</strong></span> <span class='ocrx_word' id='word_1_110' title='bbox 739 1381 903 1449; x_wconf 82' lang='lat' dir='ltr'><strong>cadentique</strong></span> 
     </span>
     <span class='ocr_line' id='line_1_18' title="bbox 112 1457 769 1523; baseline -0.003 -11"><span class='ocrx_word' id='word_1_111' title='bbox 112 1459 241 1514; x_wconf 85' lang='lat' dir='ltr'><strong>Inuninet</strong></span> <span class='ocrx_word' id='word_1_112' title='bbox 259 1459 406 1523; x_wconf 79' lang='lat' dir='ltr'><strong>adsimilis3</strong></span> <span class='ocrx_word' id='word_1_113' title='bbox 428 1458 520 1511; x_wconf 91' lang='lat' dir='ltr'><strong>lucent</strong></span> <span class='ocrx_word' id='word_1_114' title='bbox 539 1457 688 1523; x_wconf 83' lang='lat' dir='ltr'><strong>genialibus</strong></span> <span class='ocrx_word' id='word_1_115' title='bbox 706 1458 769 1510; x_wconf 83' lang='lat' dir='ltr'><strong>altis</strong></span> 
     </span>
    </p>

    <p class='ocr_par' dir='ltr' id='par_1_8' title="bbox 113 1533 964 1832">
     <span class='ocr_line' id='line_1_19' title="bbox 113 1533 852 1601; baseline -0.004 -12"><span class='ocrx_word' id='word_1_116' title='bbox 113 1539 210 1590; x_wconf 83' lang='lat' dir='ltr'><strong>Aurea·</strong></span> <span class='ocrx_word' id='word_1_117' title='bbox 224 1535 310 1587; x_wconf 83' lang='lat' dir='ltr'><strong>fulcra</strong></span> <span class='ocrx_word' id='word_1_118' title='bbox 328 1535 404 1601; x_wconf 84' lang='lat' dir='ltr'><strong>toris,</strong></span> <span class='ocrx_word' id='word_1_119' title='bbox 422 1533 572 1601; x_wconf 85' lang='lat' dir='ltr'><strong>epulaeque</strong></span> <span class='ocrx_word' id='word_1_120' title='bbox 591 1537 654 1584; x_wconf 89' lang='lat' dir='ltr'><strong>aute</strong></span> <span class='ocrx_word' id='word_1_121' title='bbox 673 1549 722 1585; x_wconf 87' lang='lat' dir='ltr'><strong>ora</strong></span> <span class='ocrx_word' id='word_1_122' title='bbox 739 1537 852 1601; x_wconf 85' lang='lat' dir='ltr'><strong>paratae</strong></span> 
     </span>
     <span class='ocr_line' id='line_1_20' title="bbox 113 1609 964 1679; baseline -0.001 -15"><span class='ocrx_word' id='word_1_123' title='bbox 113 1611 233 1679; x_wconf 77' lang='lat' dir='ltr'><strong>Regiliee</strong></span> <span class='ocrx_word' id='word_1_124' title='bbox 252 1611 333 1676; x_wconf 76' lang='lat' dir='ltr'><strong>lusu3</strong></span> <span class='ocrx_word' id='word_1_125' title='bbox 355 1610 498 1663; x_wconf 80' lang='lat' dir='ltr'><strong>Furiarum</strong></span> <span class='ocrx_word' id='word_1_126' title='bbox 518 1624 645 1660; x_wconf 81' lang='lat' dir='ltr'><strong>maxuma</strong></span> <span class='ocrx_word' id='word_1_127' title='bbox 663 1609 740 1661; x_wconf 87' lang='lat' dir='ltr'><strong>iuxta</strong></span> <span class='ocrx_word' id='word_1_128' title='bbox 927 1623 964 1663; x_wconf 77' lang='lat' dir='ltr'><strong>aee</strong></span> 
     </span>
     <span class='ocr_line' id='line_1_21' title="bbox 113 1684 888 1754; baseline -0.003 -13"><span class='ocrx_word' id='word_1_129' title='bbox 113 1688 243 1754; x_wconf 87' lang='lat' dir='ltr'><strong>Aeeubat,</strong></span> <span class='ocrx_word' id='word_1_130' title='bbox 263 1691 292 1740; x_wconf 89' lang='lat' dir='ltr'><strong>ct</strong></span> <span class='ocrx_word' id='word_1_131' title='bbox 310 1687 432 1740; x_wconf 79' lang='lat' dir='ltr'><strong>inanibus</strong></span> <span class='ocrx_word' id='word_1_132' title='bbox 451 1684 578 1754; x_wconf 88' lang='lat' dir='ltr'><strong>prohibet</strong></span> <span class='ocrx_word' id='word_1_133' title='bbox 596 1685 755 1752; x_wconf 83' lang='lat' dir='ltr'><strong>contingere</strong></span> <span class='ocrx_word' id='word_1_134' title='bbox 771 1701 888 1754; x_wconf 84' lang='lat' dir='ltr'><strong>mensas,</strong></span> 
     </span>
     <span class='ocr_line' id='line_1_22' title="bbox 113 1761 857 1832; baseline -0.003 -15"><span class='ocrx_word' id='word_1_135' title='bbox 113 1765 298 1832; x_wconf 80' lang='lat' dir='ltr'><strong>llxsurgitque</strong></span> <span class='ocrx_word' id='word_1_136' title='bbox 316 1763 404 1816; x_wconf 82' lang='lat' dir='ltr'><strong>facem</strong></span> <span class='ocrx_word' id='word_1_137' title='bbox 422 1761 557 1828; x_wconf 87' lang='lat' dir='ltr'><strong>attollens,</strong></span> <span class='ocrx_word' id='word_1_138' title='bbox 576 1765 659 1828; x_wconf 89' lang='lat' dir='ltr'><strong>atquc</strong></span> <span class='ocrx_word' id='word_1_139' title='bbox 677 1761 784 1815; x_wconf 87' lang='lat' dir='ltr'><strong>intonat</strong></span> <span class='ocrx_word' id='word_1_140' title='bbox 801 1779 857 1816; x_wconf 90' lang='lat' dir='ltr'><strong>cre.</strong></span> 
     </span>
    </p>

    <p class='ocr_par' dir='ltr' id='par_1_9' title="bbox 115 1837 827 1983">
     <span class='ocr_line' id='line_1_23' title="bbox 115 1837 827 1908; baseline -0.004 -14"><span class='ocrx_word' id='word_1_141' title='bbox 115 1842 173 1905; x_wconf 89' lang='lat' dir='ltr'><strong>llic,</strong></span> <span class='ocrx_word' id='word_1_142' title='bbox 192 1841 291 1908; x_wconf 83' lang='lat' dir='ltr'><strong>quibua</strong></span> <span class='ocrx_word' id='word_1_143' title='bbox 309 1839 389 1893; x_wconf 87' lang='lat' dir='ltr'><strong>invisi</strong></span> <span class='ocrx_word' id='word_1_144' title='bbox 407 1839 514 1904; x_wconf 85' lang='lat' dir='ltr'><strong>fratres,</strong></span> <span class='ocrx_word' id='word_1_145' title='bbox 533 1837 599 1890; x_wconf 88' lang='lat' dir='ltr'><strong>dum</strong></span> <span class='ocrx_word' id='word_1_146' title='bbox 618 1839 674 1890; x_wconf 71' lang='lat' dir='ltr'><strong>nto</strong></span> <span class='ocrx_word' id='word_1_147' title='bbox 691 1838 827 1906; x_wconf 87' lang='lat' dir='ltr'><strong>manebat,</strong></span> 
     </span>
     <span class='ocr_line' id='line_1_24' title="bbox 116 1913 775 1983; baseline -0.005 -14"><span class='ocrx_word' id='word_1_148' title='bbox 116 1917 275 1969; x_wconf 86' lang='lat' dir='ltr'><strong>Pulsatusve</strong></span> <span class='ocrx_word' id='word_1_149' title='bbox 292 1931 398 1983; x_wconf 81' lang='lat' dir='ltr'><strong>parens,</strong></span> <span class='ocrx_word' id='word_1_150' title='bbox 418 1919 447 1967; x_wconf 92' lang='lat' dir='ltr'><strong>ct</strong></span> <span class='ocrx_word' id='word_1_151' title='bbox 464 1915 539 1967; x_wconf 82' lang='lat' dir='ltr'><strong>fraus</strong></span> <span class='ocrx_word' id='word_1_152' title='bbox 557 1913 657 1966; x_wconf 86' lang='lat' dir='ltr'><strong>innexa</strong></span> <span class='ocrx_word' id='word_1_153' title='bbox 675 1914 775 1980; x_wconf 89' lang='lat' dir='ltr'><strong>clienti,</strong></span> 
     </span>
    </p>

    <p class='ocr_par' dir='ltr' id='par_1_10' title="bbox 115 1989 966 2290">
     <span class='ocr_line' id='line_1_25' title="bbox 116 1989 966 2062; baseline -0.001 -16"><span class='ocrx_word' id='word_1_154' title='bbox 116 1996 173 2046; x_wconf 85' lang='lat' dir='ltr'><strong>Aut</strong></span> <span class='ocrx_word' id='word_1_155' title='bbox 191 1993 236 2062; x_wconf 89' lang='lat' dir='ltr'><strong>qui</strong></span> <span class='ocrx_word' id='word_1_156' title='bbox 256 1992 357 2045; x_wconf 84' lang='lat' dir='ltr'><strong>divitiis</strong></span> <span class='ocrx_word' id='word_1_157' title='bbox 375 1991 425 2044; x_wconf 83' lang='lat' dir='ltr'><strong>soli</strong></span> <span class='ocrx_word' id='word_1_158' title='bbox 444 1989 591 2044; x_wconf 87' lang='lat' dir='ltr'><strong>incubuere</strong></span> <span class='ocrx_word' id='word_1_159' title='bbox 610 1991 737 2058; x_wconf 83' lang='lat' dir='ltr'><strong>repertis,</strong></span> <span class='ocrx_word' id='word_1_160' title='bbox 928 2005 966 2045; x_wconf 81' lang='lat' dir='ltr'><strong>oie</strong></span> 
     </span>
     <span class='ocr_line' id='line_1_26' title="bbox 115 2067 914 2138; baseline -0.003 -16"><span class='ocrx_word' id='word_1_161' title='bbox 115 2070 172 2122; x_wconf 89' lang='lat' dir='ltr'><strong>Nec</strong></span> <span class='ocrx_word' id='word_1_162' title='bbox 189 2073 295 2138; x_wconf 86' lang='lat' dir='ltr'><strong>partem</strong></span> <span class='ocrx_word' id='word_1_163' title='bbox 313 2085 428 2135; x_wconf 87' lang='lat' dir='ltr'><strong>posuere</strong></span> <span class='ocrx_word' id='word_1_164' title='bbox 447 2068 509 2133; x_wconf 84' lang='lat' dir='ltr'><strong>suia,</strong></span> <span class='ocrx_word' id='word_1_165' title='bbox 520 2083 599 2134; x_wconf 73' lang='lat' dir='ltr'><strong>vquae</strong></span> <span class='ocrx_word' id='word_1_166' title='bbox 617 2083 743 2120; x_wconf 79' lang='lat' dir='ltr'><strong>uiaxuma</strong></span> <span class='ocrx_word' id='word_1_167' title='bbox 761 2067 843 2120; x_wconf 89' lang='lat' dir='ltr'><strong>turba</strong></span> <span class='ocrx_word' id='word_1_168' title='bbox 862 2069 914 2131; x_wconf 80' lang='lat' dir='ltr'><strong>est,</strong></span> 
     </span>
     <span class='ocr_line' id='line_1_27' title="bbox 115 2143 876 2214; baseline -0.005 -16"><span class='ocrx_word' id='word_1_169' title='bbox 115 2145 223 2214; x_wconf 86' lang='lat' dir='ltr'><strong>Quique</strong></span> <span class='ocrx_word' id='word_1_170' title='bbox 240 2145 275 2198; x_wconf 94' lang='lat' dir='ltr'><strong>ob</strong></span> <span class='ocrx_word' id='word_1_171' title='bbox 294 2145 458 2198; x_wconf 86' lang='lat' dir='ltr'><strong>adulterium</strong></span> <span class='ocrx_word' id='word_1_172' title='bbox 476 2144 555 2209; x_wconf 87' lang='lat' dir='ltr'><strong>caesi,</strong></span> <span class='ocrx_word' id='word_1_173' title='bbox 575 2143 676 2211; x_wconf 88' lang='lat' dir='ltr'><strong>quique</strong></span> <span class='ocrx_word' id='word_1_174' title='bbox 695 2159 770 2196; x_wconf 84' lang='lat' dir='ltr'><strong>arma</strong></span> <span class='ocrx_word' id='word_1_175' title='bbox 788 2144 876 2196; x_wconf 87' lang='lat' dir='ltr'><strong>secuti</strong></span> 
     </span>
     <span class='ocr_line' id='line_1_28' title="bbox 115 2219 811 2290; baseline -0.003 -17"><span class='ocrx_word' id='word_1_176' title='bbox 115 2222 204 2290; x_wconf 83' lang='lat' dir='ltr'><strong>Impia</strong></span> <span class='ocrx_word' id='word_1_177' title='bbox 221 2238 271 2274; x_wconf 87' lang='lat' dir='ltr'><strong>nce</strong></span> <span class='ocrx_word' id='word_1_178' title='bbox 289 2221 368 2274; x_wconf 87' lang='lat' dir='ltr'><strong>veriti</strong></span> <span class='ocrx_word' id='word_1_179' title='bbox 387 2220 556 2272; x_wconf 87' lang='lat' dir='ltr'><strong>dominorum</strong></span> <span class='ocrx_word' id='word_1_180' title='bbox 575 2219 670 2273; x_wconf 84' lang='lat' dir='ltr'><strong>fallere</strong></span> <span class='ocrx_word' id='word_1_181' title='bbox 689 2219 811 2286; x_wconf 84' lang='lat' dir='ltr'><strong>dextras,</strong></span> 
     </span>
    </p>

    <p class='ocr_par' dir='ltr' id='par_1_11' title="bbox 117 2286 848 2366">
     <span class='ocr_line' id='line_1_29' title="bbox 117 2286 848 2366; baseline -0.003 -16"><span class='ocrx_word' id='word_1_182' title='bbox 117 2297 216 2351; x_wconf 86' lang='lat' dir='ltr'><strong>Inclusi</strong></span> <span class='ocrx_word' id='word_1_183' title='bbox 234 2313 348 2366; x_wconf 89' lang='lat' dir='ltr'><strong>poenam</strong></span> <span class='ocrx_word' id='word_1_184' title='bbox 366 2299 532 2364; x_wconf 80' lang='lat' dir='ltr'><strong>exspectant.</strong></span> <span class='ocrx_word' id='word_1_185' title='bbox 568 2294 594 2348; x_wconf 92' lang='lat' dir='ltr'>N</span> <span class='ocrx_word' id='word_1_186' title='bbox 597 2312 612 2348; x_wconf 86' lang='lat' dir='ltr'><strong>c</strong></span> <span class='ocrx_word' id='word_1_187' title='bbox 631 2312 731 2363; x_wconf 83' lang='lat' dir='ltr'><strong>quaere</strong></span> <span class='ocrx_word' id='word_1_188' title='bbox 751 2286 848 2361; x_wconf 74' lang='lat' dir='ltr'><strong>doceri,</strong></span> 
     </span>
    </p>

    <p class='ocr_par' dir='ltr' id='par_1_12' title="bbox 116 2372 966 2592">
     <span class='ocr_line' id='line_1_30' title="bbox 116 2372 937 2442; baseline -0.002 -16"><span class='ocrx_word' id='word_1_189' title='bbox 116 2374 202 2438; x_wconf 85' lang='lat' dir='ltr'><strong>Quam</strong></span> <span class='ocrx_word' id='word_1_190' title='bbox 214 2389 336 2442; x_wconf 88' lang='lat' dir='ltr'><strong>poenam,</strong></span> <span class='ocrx_word' id='word_1_191' title='bbox 349 2377 397 2426; x_wconf 88' lang='lat' dir='ltr'><strong>aut</strong></span> <span class='ocrx_word' id='word_1_192' title='bbox 409 2389 480 2441; x_wconf 89' lang='lat' dir='ltr'><strong>quac</strong></span> <span class='ocrx_word' id='word_1_193' title='bbox 491 2372 579 2424; x_wconf 87' lang='lat' dir='ltr'><strong>forma</strong></span> <span class='ocrx_word' id='word_1_194' title='bbox 592 2372 663 2426; x_wconf 86' lang='lat' dir='ltr'><strong>viros</strong></span> <span class='ocrx_word' id='word_1_195' title='bbox 679 2372 821 2426; x_wconf 81' lang='lat' dir='ltr'><strong>fortunare</strong></span> <span class='ocrx_word' id='word_1_196' title='bbox 833 2373 937 2424; x_wconf 86' lang='lat' dir='ltr'><strong>mersit.</strong></span> 
     </span>
     <span class='ocr_line' id='line_1_31' title="bbox 116 2447 966 2516; baseline -0.005 -13"><span class='ocrx_word' id='word_1_197' title='bbox 116 2450 216 2505; x_wconf 79' lang='lat' dir='ltr'><strong>Saxum</strong></span> <span class='ocrx_word' id='word_1_198' title='bbox 234 2450 329 2516; x_wconf 81' lang='lat' dir='ltr'><strong>ingena</strong></span> <span class='ocrx_word' id='word_1_199' title='bbox 347 2449 459 2502; x_wconf 86' lang='lat' dir='ltr'><strong>volvunt</strong></span> <span class='ocrx_word' id='word_1_200' title='bbox 477 2449 528 2515; x_wconf 87' lang='lat' dir='ltr'><strong>alii,</strong></span> <span class='ocrx_word' id='word_1_201' title='bbox 547 2447 686 2516; x_wconf 88' lang='lat' dir='ltr'><strong>radiisque</strong></span> <span class='ocrx_word' id='word_1_202' title='bbox 703 2452 824 2501; x_wconf 87' lang='lat' dir='ltr'><strong>rotarum</strong></span> <span class='ocrx_word' id='word_1_203' title='bbox 930 2461 966 2499; x_wconf 80' lang='lat' dir='ltr'><strong>als</strong></span> 
     </span>
     <span class='ocr_line' id='line_1_32' title="bbox 116 2523 851 2592; baseline -0.003 -13"><span class='ocrx_word' id='word_1_204' title='bbox 116 2525 240 2579; x_wconf 83' lang='lat' dir='ltr'><strong>Distrieti</strong></span> <span class='ocrx_word' id='word_1_205' title='bbox 258 2524 395 2592; x_wconf 88' lang='lat' dir='ltr'><strong>pendent;</strong></span> <span class='ocrx_word' id='word_1_206' title='bbox 415 2524 500 2592; x_wconf 88' lang='lat' dir='ltr'><strong>sedet,</strong></span> <span class='ocrx_word' id='word_1_207' title='bbox 520 2527 717 2592; x_wconf 88' lang='lat' dir='ltr'><strong>aeternumque</strong></span> <span class='ocrx_word' id='word_1_208' title='bbox 736 2523 851 2590; x_wconf 85' lang='lat' dir='ltr'><strong>sedebit,</strong></span> 
     </span>
    </p>

    <p class='ocr_par' dir='ltr' id='par_1_13' title="bbox 116 2601 968 2970">
     <span class='ocr_line' id='line_1_33' title="bbox 119 2601 872 2668; baseline -0.003 -14"><span class='ocrx_word' id='word_1_209' title='bbox 119 2601 215 2654; x_wconf 81' lang='lat' dir='ltr'><strong>infelix</strong></span> <span class='ocrx_word' id='word_1_210' title='bbox 234 2601 369 2666; x_wconf 83' lang='lat' dir='ltr'><strong>Theseus3</strong></span> <span class='ocrx_word' id='word_1_211' title='bbox 392 2601 581 2668; x_wconf 82' lang='lat' dir='ltr'><strong>Phlegyasque</strong></span> <span class='ocrx_word' id='word_1_212' title='bbox 600 2601 767 2654; x_wconf 85' lang='lat' dir='ltr'><strong>miserrimus</strong></span> <span class='ocrx_word' id='word_1_213' title='bbox 785 2601 872 2654; x_wconf 87' lang='lat' dir='ltr'><strong>omnis</strong></span> 
     </span>
     <span class='ocr_line' id='line_1_34' title="bbox 121 2675 848 2744; baseline 0 -16"><span class='ocrx_word' id='word_1_214' title='bbox 121 2677 257 2730; x_wconf 68' lang='lat' dir='ltr'><strong>admonet</strong></span> <span class='ocrx_word' id='word_1_215' title='bbox 276 2681 305 2730; x_wconf 89' lang='lat' dir='ltr'><strong>et</strong></span> <span class='ocrx_word' id='word_1_216' title='bbox 322 2693 421 2744; x_wconf 79' lang='lat' dir='ltr'><strong>magua</strong></span> <span class='ocrx_word' id='word_1_217' title='bbox 439 2680 558 2730; x_wconf 87' lang='lat' dir='ltr'><strong>testatur</strong></span> <span class='ocrx_word' id='word_1_218' title='bbox 576 2692 640 2729; x_wconf 85' lang='lat' dir='ltr'><strong>voce</strong></span> <span class='ocrx_word' id='word_1_219' title='bbox 659 2693 708 2744; x_wconf 89' lang='lat' dir='ltr'><strong>per</strong></span> <span class='ocrx_word' id='word_1_220' title='bbox 725 2675 848 2730; x_wconf 86' lang='lat' dir='ltr'><strong>umbras:</strong></span> 
     </span>
     <span class='ocr_line' id='line_1_35' title="bbox 116 2751 968 2821; baseline 0 -17"><span class='ocrx_word' id='word_1_221' title='bbox 116 2753 239 2806; x_wconf 73' lang='lat' dir='ltr'><strong>“lliseite</strong></span> <span class='ocrx_word' id='word_1_222' title='bbox 257 2753 389 2806; x_wconf 85' lang='lat' dir='ltr'><strong>iustitiam</strong></span> <span class='ocrx_word' id='word_1_223' title='bbox 408 2753 510 2821; x_wconf 91' lang='lat' dir='ltr'><strong>moniti,</strong></span> <span class='ocrx_word' id='word_1_224' title='bbox 530 2756 559 2806; x_wconf 89' lang='lat' dir='ltr'><strong>ct</strong></span> <span class='ocrx_word' id='word_1_225' title='bbox 576 2769 629 2805; x_wconf 89' lang='lat' dir='ltr'><strong>nou</strong></span> <span class='ocrx_word' id='word_1_226' title='bbox 648 2755 771 2806; x_wconf 87' lang='lat' dir='ltr'><strong>tcnmerc</strong></span> <span class='ocrx_word' id='word_1_227' title='bbox 790 2751 888 2804; x_wconf 84' lang='lat' dir='ltr'><strong>divos.&#39;’</strong></span> <span class='ocrx_word' id='word_1_228' title='bbox 930 2765 968 2804; x_wconf 75' lang='lat' dir='ltr'><strong>aaa</strong></span> 
     </span>
     <span class='ocr_line' id='line_1_36' title="bbox 118 2828 912 2898; baseline 0 -18"><span class='ocrx_word' id='word_1_229' title='bbox 118 2828 249 2882; x_wconf 84' lang='lat' dir='ltr'><strong>Vendidit</strong></span> <span class='ocrx_word' id='word_1_230' title='bbox 267 2828 310 2881; x_wconf 90' lang='lat' dir='ltr'><strong>hio</strong></span> <span class='ocrx_word' id='word_1_231' title='bbox 328 2845 393 2882; x_wconf 89' lang='lat' dir='ltr'><strong>auro</strong></span> <span class='ocrx_word' id='word_1_232' title='bbox 411 2829 535 2896; x_wconf 88' lang='lat' dir='ltr'><strong>patriam,</strong></span> <span class='ocrx_word' id='word_1_233' title='bbox 556 2828 751 2898; x_wconf 89' lang='lat' dir='ltr'><strong>dominumque</strong></span> <span class='ocrx_word' id='word_1_234' title='bbox 769 2831 912 2896; x_wconf 85' lang='lat' dir='ltr'><strong>petentem</strong></span> 
     </span>
     <span class='ocr_line' id='line_1_37' title="bbox 120 2903 764 2970; baseline 0.003 -16"><span class='ocrx_word' id='word_1_235' title='bbox 120 2905 256 2970; x_wconf 79' lang='lat' dir='ltr'><strong>inposuit3</strong></span> <span class='ocrx_word' id='word_1_236' title='bbox 276 2903 336 2955; x_wconf 82' lang='lat' dir='ltr'><strong>fixit</strong></span> <span class='ocrx_word' id='word_1_237' title='bbox 354 2903 428 2969; x_wconf 85' lang='lat' dir='ltr'><strong>leges</strong></span> <span class='ocrx_word' id='word_1_238' title='bbox 447 2905 535 2970; x_wconf 89' lang='lat' dir='ltr'><strong>pretio</strong></span> <span class='ocrx_word' id='word_1_239' title='bbox 554 2907 638 2970; x_wconf 88' lang='lat' dir='ltr'><strong>atquc</strong></span> <span class='ocrx_word' id='word_1_240' title='bbox 657 2904 764 2967; x_wconf 84' lang='lat' dir='ltr'><strong>refixit;</strong></span> 
     </span>
    </p>
   </div>
   <div class='ocr_carea' id='block_1_2' title="bbox 115 2977 970 3267">
    <p class='ocr_par' dir='ltr' id='par_1_14' title="bbox 117 2977 928 3122">
     <span class='ocr_line' id='line_1_38' title="bbox 117 2977 928 3046; baseline 0.007 -20"><span class='ocrx_word' id='word_1_241' title='bbox 117 2977 172 3027; x_wconf 87' lang='lat' dir='ltr'><strong>Hie</strong></span> <span class='ocrx_word' id='word_1_242' title='bbox 189 2977 338 3030; x_wconf 83' lang='lat' dir='ltr'><strong>tlialamum</strong></span> <span class='ocrx_word' id='word_1_243' title='bbox 356 2977 456 3029; x_wconf 86' lang='lat' dir='ltr'><strong>invasit</strong></span> <span class='ocrx_word' id='word_1_244' title='bbox 473 2983 555 3031; x_wconf 90' lang='lat' dir='ltr'><strong>natae</strong></span> <span class='ocrx_word' id='word_1_245' title='bbox 574 2979 730 3046; x_wconf 85' lang='lat' dir='ltr'><strong>vetitosque</strong></span> <span class='ocrx_word' id='word_1_246' title='bbox 748 2979 928 3046; x_wconf 80' lang='lat' dir='ltr'><strong>liynrenaees;</strong></span> 
     </span>
     <span class='ocr_line' id='line_1_39' title="bbox 119 3050 768 3122; baseline 0.014 -25"><span class='ocrx_word' id='word_1_247' title='bbox 119 3050 186 3098; x_wconf 81' lang='lat' dir='ltr'><strong>Ausi</strong></span> <span class='ocrx_word' id='word_1_248' title='bbox 203 3066 296 3102; x_wconf 85' lang='lat' dir='ltr'><strong>omncs</strong></span> <span class='ocrx_word' id='word_1_249' title='bbox 314 3051 422 3102; x_wconf 86' lang='lat' dir='ltr'><strong>inmane</strong></span> <span class='ocrx_word' id='word_1_250' title='bbox 440 3053 522 3118; x_wconf 79' lang='lat' dir='ltr'><strong>nefas,</strong></span> <span class='ocrx_word' id='word_1_251' title='bbox 541 3069 662 3120; x_wconf 89' lang='lat' dir='ltr'><strong>ausoque</strong></span> <span class='ocrx_word' id='word_1_252' title='bbox 681 3055 768 3122; x_wconf 91' lang='lat' dir='ltr'><strong>potiti.</strong></span> 
     </span>
    </p>

    <p class='ocr_par' dir='ltr' id='par_1_15' title="bbox 115 3117 970 3267">
     <span class='ocr_line' id='line_1_40' title="bbox 115 3117 970 3196; baseline 0.021 -30"><span class='ocrx_word' id='word_1_253' title='bbox 115 3117 187 3183; x_wconf 78' lang='lat' dir='ltr'><strong>Non,</strong></span> <span class='ocrx_word' id='word_1_254' title='bbox 204 3123 271 3173; x_wconf 91' lang='lat' dir='ltr'><strong>mihi</strong></span> <span class='ocrx_word' id='word_1_255' title='bbox 289 3124 312 3174; x_wconf 91' lang='lat' dir='ltr'><strong>si</strong></span> <span class='ocrx_word' id='word_1_256' title='bbox 329 3123 437 3190; x_wconf 85' lang='lat' dir='ltr'><strong>liuguae</strong></span> <span class='ocrx_word' id='word_1_257' title='bbox 455 3129 564 3178; x_wconf 89' lang='lat' dir='ltr'><strong>centnm</strong></span> <span class='ocrx_word' id='word_1_258' title='bbox 583 3127 636 3179; x_wconf 86' lang='lat' dir='ltr'><strong>sint</strong></span> <span class='ocrx_word' id='word_1_259' title='bbox 654 3145 757 3196; x_wconf 83' lang='lat' dir='ltr'><strong>oraque</strong></span> <span class='ocrx_word' id='word_1_260' title='bbox 774 3135 893 3194; x_wconf 86' lang='lat' dir='ltr'><strong>centurn,</strong></span> <span class='ocrx_word' id='word_1_261' title='bbox 934 3145 970 3184; x_wconf 76' lang='lat' dir='ltr'><strong>ora</strong></span> 
     </span>
     <span class='ocr_line' id='line_1_41' title="bbox 119 3185 929 3267; baseline 0.027 -30"><span class='ocrx_word' id='word_1_262' title='bbox 119 3185 219 3240; x_wconf 73' lang='lat' dir='ltr'><strong>Ferrea</strong></span> <span class='ocrx_word' id='word_1_263' title='bbox 236 3207 294 3260; x_wconf 85' lang='lat' dir='ltr'><strong>vex,</strong></span> <span class='ocrx_word' id='word_1_264' title='bbox 313 3198 399 3249; x_wconf 85' lang='lat' dir='ltr'><strong>omnis</strong></span> <span class='ocrx_word' id='word_1_265' title='bbox 417 3199 550 3251; x_wconf 87' lang='lat' dir='ltr'><strong>scelernm</strong></span> <span class='ocrx_word' id='word_1_266' title='bbox 568 3203 754 3267; x_wconf 69' lang='lat' dir='ltr'><strong>conprendere</strong></span> <span class='ocrx_word' id='word_1_267' title='bbox 774 3205 883 3262; x_wconf 78' lang='lat' dir='ltr'><strong>somnis.</strong></span> <span class='ocrx_word' id='word_1_268' title='bbox 926 3210 929 3214; x_wconf 86' lang='lat'>&#39;</span> 
     </span>
    </p>
   </div>
   <div class='ocr_carea' id='block_1_3' title="bbox 0 0 1104 3502">
    <p class='ocr_par' dir='ltr' id='par_1_16' title="bbox 0 0 1104 3502">
     <span class='ocr_line' id='line_1_42' title="bbox 0 0 1104 3502; baseline 0 0"><span class='ocrx_word' id='word_1_269' title='bbox 0 0 1104 3502; x_wconf 95' lang='lat' dir='ltr'><strong> </strong></span> 
     </span>
    </p>
   </div>
  </div>
 </body>
</html>
