2152 3506
400 139 582 190 AENEIDOS
600 141 669 192 LIB.
689 143 737 192 IV.
949 147 993 197 147

137 222 272 277 Gaudens
290 222 319 273 et
337 218 439 287 pariter
458 218 531 272 faeta
548 224 632 286 atque
650 221 751 275 iniecta
769 224 897 280 canebat:
961 239 996 278 iao

137 297 257 352 Venisse
277 296 398 362 Aenean,
417 294 531 346 Troiano
550 296 681 364 sanguine
700 303 814 368 cretum,

136 375 189 429 Oui
209 390 238 426 se
257 370 370 440 pulchra
387 370 445 422 viro
464 370 593 439 dignetur
612 373 725 441 iungere
744 375 829 441 Did0;

136 453 163 506 N
165 469 220 506 une
237 449 355 500 hiemem
373 447 446 500 iuter
465 463 494 500 se
512 448 584 515 luxu,
605 466 688 518 quam
705 449 794 518 longa,
811 454 902 509 fovere

137 530 298 597 Regnorum
316 523 481 578 inmemores
500 525 630 596 turpique
649 527 775 597 cupidine
794 535 894 598 captos.

139 607 217 658 Hace
234 601 337 670 passim
357 600 408 654 dea
426 601 508 655 foeda
526 603 614 656 virum
634 605 763 659 diffundit
781 607 808 658 in
826 624 880 661 ora.
962 621 997 664 1⁰⁵

138 681 270 734 Protinus
288 677 324 730 ad
342 695 436 747 regem
455 696 549 733 cursus
569 679 717 749 detorquet
736 681 844 751 Iarban,

138 757 322 825 incenditque
342 757 461 810 animum
481 756 561 810 dietis
580 762 664 826 atque
682 763 795 828 aggerat
812 760 873 814 iras.

172 835 229 887 llic
249 833 404 887 Hammone
423 838 507 902 satus,
525 837 606 903 rapta
625 834 819 890 Garamantide
838 837 863 890 N
865 837 971 906 paphu,

136 911 254 979 Templa
272 910 331 962 lovi
350 915 459 963 eentum
479 912 543 964 latis
561 911 680 964 inmania
698 912 795 980 regnis,

137 989 258 1041 Centum
276 1002 337 1039 aras
354 986 452 1052 posuit,
473 984 635 1052 vigilemque
653 994 808 1042 sacraverat
825 990 924 1058 ignem,
959 1003 997 1042 aaa

137 1064 275 1117 Excubiae
294 1061 383 1115 divom
402 1065 534 1126 aeternas,
554 1063 745 1133 pecudumque
764 1083 859 1120 eruore

136 1141 245 1208 Pingue
263 1139 350 1192 solum
368 1142 397 1192 et
416 1139 496 1191 variis
516 1138 641 1192 florentia
660 1141 754 1194 limina
773 1145 861 1196 sertis.

137 1219 224 1287 Isque
242 1233 336 1269 aurens
354 1214 436 1268 animi
455 1218 484 1266 et
502 1232 610 1268 rumore
629 1234 758 1270 accensus
776 1235 867 1272 amaro
925 1218 929 1228 '

139 1296 246 1349 Dicitur
264 1298 329 1346 ante
348 1309 408 1346 aras
428 1291 518 1346 media
535 1293 608 1345 inter
626 1295 736 1347 numum
755 1295 843 1346 divom

138 1372 229 1426 Multa
251 1372 340 1422 lovem
360 1369 484 1422 manibus
503 1369 618 1438 supplex
637 1387 729 1423 orasse
748 1372 862 1439 supinis:
960 1390 996 1429 aas

138 1448 266 1517 luppiter
285 1447 463 1514 omnipotens,
484 1445 526 1500 cui
546 1463 618 1500 nune
638 1447 777 1501 Maurusia
794 1449 873 1516 pictis

137 1528 214 1580 Gens
233 1523 343 1592 epulata
361 1524 428 1578 toris
447 1523 584 1578 Lenaeum
604 1524 672 1578 libat
690 1525 826 1589 honorem,

139 1602 249 1670 Aspicis
267 1601 352 1655 haccl
373 1617 408 1654 an
426 1606 463 1667 te,
481 1601 595 1668 genitor,
615 1617 675 1653 cum
695 1601 808 1656 fulmina
827 1607 947 1672 torques,

136 1679 314 1747 Nequiquam
332 1678 481 1743 horremus,
501 1677 629 1744 caecique
648 1677 675 1730 iu
695 1677 812 1731 nubibus
829 1679 906 1747 ignes

137 1756 301 1808 'l'errificnnt
318 1754 421 1806 animos
440 1759 468 1807 et
486 1754 575 1806 inania
592 1771 732 1808 murmura
749 1756 879 1809 miscenti
960 1772 996 1810 210

137 1833 260 1899 Femina,
279 1847 349 1898 quac
368 1831 468 1884 nostris
486 1847 580 1882 errans
598 1831 624 1883 in
643 1831 743 1884 finibus
760 1832 855 1885 urbem

138 1909 273 1976 Exiguam
291 1906 381 1975 pretio
399 1908 497 1976 posuit,
515 1907 558 1960 cui
576 1907 641 1960 litus
659 1909 791 1962 arandum

138 1985 244 2054 Cuique
262 1985 314 2038 loci
331 1985 406 2052 leges
425 1983 557 2051 dedimus,
577 1984 711 2038 connubia
729 1991 822 2037 nostra

137 2062 273 2130 lteppulit
291 2078 321 2115 ac
341 2062 479 2114 dominum
500 2064 614 2114 Aenean
633 2062 659 2113 in
680 2078 763 2126 regna
781 2063 894 2130 recepit.

64 2195 68 2200 ,
138 2140 176 2192 Et
194 2156 265 2192 nunc
282 2139 328 2191 illo
348 2137 424 2190 Paris
443 2155 503 2191 cum
523 2139 647 2191 semiviro
665 2139 802 2200 comitatu,
960 2153 995 2192 215

138 2215 265 2269 Maeonia
282 2219 403 2268 mentum
424 2215 505 2267 mitra
523 2215 679 2282 crinemque
697 2214 851 2267 madentem

138 2292 291 2358 Subnexu‘a,
310 2297 391 2359 rapto
410 2291 530 2360 potitur:
551 2308 598 2343 nos
617 2307 729 2344 munera
747 2291 855 2359 templis

139 2369 248 2438 Quippe
266 2369 320 2422 tuis
339 2369 458 2434 ferimus,
478 2367 635 2437 famamque
653 2368 774 2422 fovemus
793 2369 907 2422 inanem.

174 2445 285 2504 ‚Talibus
303 2450 425 2498 orantem
449 2445 527 2499 dictis
546 2462 662 2512 arasque
681 2448 820 2497 tenentem

140 2521 239 2574 Audiit
257 2521 434 2589 omnipotens,
456 2522 600 2590 oculosque
619 2520 654 2574 ad
673 2521 778 2574 moenia
796 2521 877 2575 torsit
959 2537 995 2575 22)

142 2598 227 2664 Regia
245 2602 274 2652 et
291 2597 391 2652 oblitos
410 2599 498 2653 farnae
518 2598 636 2652 melioria
654 2599 777 2652 amantis.

139 2674 209 2726 Pam
227 2675 265 2728 sie
284 2675 449 2729 Mercurium
470 2677 629 2746 adloquitur
647 2691 678 2729 ac
697 2675 762 2727 talia
780 2675 903 2728 mandat:

65 2822 67 2826 ⁷
139 2750 219 2804 Vade
237 2769 295 2820 ago,
313 2757 385 2818 nate,
404 2771 468 2807 voca
488 2754 624 2823 Zephyros
642 2756 671 2806 et
689 2749 781 2804 labere
798 2752 901 2819 petreia,

140 2827 364 2898 Dardaniumque
383 2831 487 2899 ducem,
507 2831 585 2898 Tyria
604 2829 774 2896 Karthagine
793 2826 838 2896 qhi
856 2843 927 2879 nune

140 2905 297 2973 Exspectat,
316 2907 435 2977 fatisque
456 2908 534 2961 datas
553 2924 605 2959 non
624 2907 735 2974 respicit
754 2905 841 2969 urbes
957 2917 993 2956 225

141 2983 301 3052 Adloquore
319 2986 348 3036 et
366 2984 461 3037 celeris
480 2985 557 3038 defer
574 3001 634 3036 mea
653 2984 726 3036 dicta
744 2998 793 3050 per
811 2995 895 3033 auras.

140 3059 166 3112 N
168 3077 202 3112 011
221 3061 297 3113 illum
314 3059 393 3113 nobis
411 3062 536 3128 genetrix
555 3061 736 3130 pulcherrima
754 3057 837 3109 talem

140 3136 270 3189 Promisit
289 3137 454 3202 Graiumque
471 3137 532 3188 ideo
551 3135 593 3187 bis
610 3136 729 3190 vindicat
747 3132 843 3195 annis;

139 3211 196 3266 Sed
214 3211 280 3279 iore,
300 3212 347 3282 qui
366 3210 506 3279 gravidam
524 3209 635 3278 inperiis
652 3208 778 3274 belloque
795 3206 957 3258 frementem
