2154 3518
264 91 267 98 “
345 101 549 150 ououoroon
573 103 642 151 ma.
669 102 723 150 ΠΙ.
853 77 856 83 ’
922 71 990 148 55

103 177 171 230 lum
188 195 254 232 vero
271 178 401 234 ardentes
419 182 489 234 oculi
508 186 591 248 atque
610 185 745 234 attractus
763 177 798 231 ab
816 178 878 241 alto!
918 189 955 230 555

101 253 227 322 Spiritus,
246 255 386 310 interdum
404 258 510 325 gemitu
528 258 626 324 gravis,
646 257 755 324 imaque
773 256 854 322 longo

103 330 155 383 Ilia
173 331 295 398 singultu
314 332 439 399 tendunt,
458 334 481 387 it
498 333 609 386 naribus
628 337 689 386 ater

102 407 224 476 Sanguis,
243 412 272 461 et
291 409 414 463 obsessas
432 411 523 463 fauces
542 411 643 479 premit
660 425 757 477 aspera
774 408 873 476 lingua

103 485 210 540 Profuit
229 486 333 540 inserto
351 486 447 540 latices
466 487 610 540 infundere
628 503 712 540 eomu

102 562 238 628 Lenaeos3
261 580 293 616 ea
311 563 368 616 visa
387 564 459 616 salus
478 564 659 616 morientibus
677 579 746 627 una;
919 575 956 614 tro

101 639 168 692 Mox
187 644 246 692 erat
264 639 315 692 hoo
331 640 421 707 ipsum
440 639 532 706 exitio,
552 639 687 707 furiisque
707 639 804 693 refecti

102 714 255 781 Ardebant,
273 715 380 783 ipsique
399 732 463 768 suos
479 716 533 768 iam
554 721 642 768 morte
661 715 711 768 sub
730 730 846 782 aegra-—

100 791 138 844 Di
154 791 267 846 meliora
284 792 336 860 piis
354 809 531 860 erroremque
549 792 674 844 hostibus
691 791 768 843 illum
776 794 820 844 l-

100 865 236 922 lliseissos
255 868 336 922 nudis
354 869 494 922 laniabant
513 867 643 922 dentibus
661 872 745 920 artus.
784 903 804 931 ¹.

20 903 90 1009 llll!
100 944 170 998 Ecce
189 950 282 998 autem
301 944 369 998 duro
387 945 495 997 lanians
514 944 565 998 sub
584 961 692 998 vomere
710 947 807 998 taurus
918 956 955 996 515

100 1020 227 1075 Concidit
245 1026 274 1075 et
291 1023 408 1075 mixtum
427 1021 530 1090 spumis
548 1021 633 1074 vomit
652 1037 698 1073 ore
717 1035 841 1073 cruorem

100 1095 300 1166 Extremusque
318 1095 373 1150 ciet
390 1097 515 1164 gemitus.
553 1097 582 1150 It
601 1097 689 1149 tristis
708 1102 807 1162 arator,

37 1173 98 1226 ἰδ’
99 1172 271 1226 Maerentem
290 1172 440 1240 abiungens
458 1173 580 1226 fraterna
598 1176 686 1226 morto
704 1173 855 1236 iuroucun1;

101 1251 197 1316 Atque
215 1265 297 1316 opere
315 1249 343 1300 in
361 1248 451 1301 medio
470 1249 562 1300 defixa
579 1248 710 1316 relinquit
729 1252 828 1300 aratra.

32 1320 83 1375 ιθ
98 1325 161 1378 Νοη
177 1324 291 1377 umbrae
306 1324 424 1376 altorum
440 1339 590 1390 nemorum,
605 1340 659 1376 non
674 1321 768 1375 mollia
781 1326 897 1391 possunt
918 1337 955 1376 sao

98 1401 184 1454 Prata
202 1416 312 1452 movero
331 1399 458 1464 animum,
478 1415 538 1464 non,
558 1398 605 1467 qui
624 1415 674 1466 per
693 1415 757 1450 saxa
776 1398 884 1451 volutus

99 1476 200 1529 Purior
218 1475 320 1528 electro
338 1490 464 1541 eampum
482 1475 554 1542 petit
572 1474 674 1539 amnis;
695 1478 724 1526 at
742 1474 796 1528 ima

98 1552 249 1606 Solvuntur
267 1551 361 1618 latera,
380 1555 464 1617 atque
482 1551 574 1604 oeulos
592 1555 687 1619 stupor
705 1552 804 1617 urguet
823 1549 927 1615 inertis,

99 1629 147 1682 Ad
165 1632 323 1695 terramque
343 1626 404 1680 fluit
422 1625 527 1680 devexo
544 1627 665 1696 pondere
684 1627 783 1680 eorvix.

99 1705 173 1770 Quid
185 1704 263 1757 labor
275 1707 322 1756 aut
335 1703 479 1757 benefacta
491 1705 602 1757 iuranti
615 1703 683 1772 quid
695 1719 804 1756 vomere
817 1704 907 1755 terras

100 1780 251 1834 Im'ortisse
268 1780 376 1848 gravisi
397 1779 474 1852 atqui
492 1797 545 1832 non
565 1779 682 1833 Massica
700 1779 800 1832 Bacchi
917 1792 953 1830 sne

99 1857 222 1923 binnam,
240 1872 294 1908 non
311 1856 364 1908 illis
383 1856 480 1923 epulae
498 1873 615 1909 nocuere
633 1859 772 1923 repostae:

100 1931 255 1986 Frondibus
274 1935 303 1984 et
320 1931 395 1984 victu
412 1935 562 1998 pascuntur
578 1931 708 1999 simplicis
726 1931 833 1994 herbae,

101 2009 201 2062 Pocula
220 2011 283 2061 sunt
301 2007 390 2060 fontes
408 2006 507 2074 liquidi
526 2011 609 2075 atquo
628 2007 748 2060 exercita
766 2023 847 2059 eursu

100 2085 233 2150 Flumina,
252 2099 301 2136 noo
320 2099 428 2135 somnos
446 2081 585 2150 abrumpit
602 2099 667 2134 eura
685 2081 806 2134 salubris.
842 2113 886 2172 M
918 2096 954 2135 sao

65 2167 67 2170 ’
100 2161 233 2228 Temqmro
251 2176 304 2212 non
323 2159 375 2210 alio
394 2157 488 2211 dieunt
507 2158 663 2224 regionibus
681 2157 734 2210 illis
812 2129 833 2191 ν

100 2236 244 2300 (lurnesitas
263 2234 298 2288 ad
317 2251 393 2287 saera
411 2234 494 2287 boves
515 2235 634 2300 Iunonis,
654 2237 684 2288 ot
702 2234 758 2286 uris

102 2311 247 2378 inparibus
266 2310 362 2364 ductos
380 2311 436 2364 alta
454 2311 489 2362 ad
508 2310 620 2386 donaria
638 2327 741 2363 eumue.

45 2383 86 2460 ’57
100 2387 172 2453 Ergo
190 2403 272 2454 aegre
291 2387 387 2439 rastris
406 2391 508 2440 terram
527 2385 669 2453 rimantur,
689 2389 717 2438 et
736 2387 801 2453 ipsis

100 2462 244 2529 Unguibus
261 2462 399 2515 infodiunt
417 2462 517 2528 fruges,
536 2462 692 2529 montisque
711 2479 760 2528 per·
777 2462 848 2516 altos
916 2479 952 2516 aas

100 2537 236 2592 Contenta
254 2539 358 2591 cervice
377 2538 491 2591 trahunt
510 2537 656 2591 stridentia
674 2537 806 2604 plaustra.

99 2613 160 2666 Non
177 2613 257 2682 lupus
275 2613 388 2666 insidias
407 2615 531 2682 explorat
548 2614 629 2666 ovilia
649 2614 757 2680 circumi,

98 2688 122 2740 N
126 2705 157 2742 eo
173 2689 303 2757 gregibus
322 2693 469 2742 noetumus
487 2689 661 2754 obambulat;
681 2690 768 2742 aerior
786 2690 863 2745 illum

99 2764 170 2817 Cura
188 2764 295 2830 domat;
317 2766 407 2818 timidi
426 2766 550 2819 dammae
568 2767 696 2835 cervique
714 2764 824 2832 fugaces

99 2839 177 2894 Nune
194 2841 322 2910 interque
341 2858 420 2894 caries
439 2845 467 2895 et
485 2842 586 2895 oiroum
605 2845 680 2896 tecta
697 2847 839 2909 vagantur·¹
914 2859 950 2898 tio

61 2919 63 2924 '
98 2915 158 2968 lain
176 2917 259 2970 maris
280 2917 394 2971 inmensi
412 2919 516 2986 prolem
535 2923 564 2972 et
581 2935 665 2986 genus
684 2935 763 2972 omne
781 2922 923 2972 iratantum

98 2991 192 3045 Litore
210 2994 237 3047 in
256 2999 386 3060 extremo,
405 3013 455 3048 eon
473 2997 603 3064 naufraga
621 3013 741 3065 corpora,
761 2995 859 3047 fluetus

99 3065 220 3136 Proluit;
238 3072 363 3124 insolitae
381 3071 489 3138 fugiunt
508 3072 535 3123 in
554 3072 665 3123 llurnina
682 3075 792 3138 phocae.

99 3141 201 3210 Interit
219 3152 248 3201 et
265 3149 354 3199 errrvis
372 3147 474 3200 frustra
493 3148 604 3200 defensa
622 3147 736 3201 latebris
