2174 3502
392 147 576 198 AENEIDOS
593 149 663 200 LIB.
682 149 730 200 VI.
940 153 985 204 187

131 224 287 280 Praeterea
303 227 375 280 iacet
393 229 546 282 exanimum
564 231 615 285 tibi
633 247 731 300 eorpus
748 233 862 286 amici-—

131 301 201 355 Heu
218 301 485 372 nescis—totamque
502 303 619 360 incestet
636 307 732 361 funere
750 307 871 377 classem,
953 321 988 363 rat

131 377 208 431 Dum
227 377 349 430 consulta
366 379 438 446 petis
457 383 605 449 nostroque
623 383 651 436 in
668 383 761 437 limine
778 385 887 452 pendes.

132 452 252 506 Sedibus
269 453 342 506 hunc
359 454 432 508 refer
449 459 515 510 ante
534 457 590 511 suis
609 462 638 512 et
656 460 743 512 conde
761 460 906 526 sepulchro.

97 569 104 582 .
132 529 196 582 Duc
213 529 307 596 nigras
323 530 457 597 pecudes;
478 548 511 584 ea
528 533 616 601 prima
632 535 739 602 piacula
756 539 841 588 sunto.

132 605 177 659 Sic
196 605 308 659 demum
325 605 399 660 lucos
421 606 512 675 Stygis
532 612 561 662 et
579 627 663 678 regna
679 611 752 663 invia
768 611 835 663 vivis

133 682 266 751 Aspicies.
304 680 389 749 Dixit,
406 699 556 752 pressoque
574 685 710 740 obmutuit
727 703 781 739 ore.
953 703 989 743 156

169 759 280 811 Aeneas
299 762 404 812 maesto
423 759 531 814 defixus
551 761 651 814 lumina
669 762 743 815 voltu
817 829 820 836 Δ

133 832 303 901 Ingreditur,
322 834 448 902 linquens
467 839 584 906 antrum,
603 854 750 906 caecosque
768 838 872 892 volutat

132 909 257 962 Eventus
274 909 363 962 animo
382 927 480 965 secum.
518 913 568 966 Oui
586 913 657 967 fidus
672 914 798 968 ‘Achates

132 985 162 1038 It
180 1001 279 1052 comes,
300 988 328 1038 et
346 985 457 1053 paribus
476 988 548 1042 curis
568 990 685 1057 vestigia
702 990 768 1057 figit.

132 1061 224 1115 Multa
242 1060 315 1114 inter
334 1077 393 1114 sese
411 1064 487 1116 verio
505 1080 630 1118 sermono
648 1065 782 1135 serebant,
952 1080 989 1119 mo

132 1138 222 1202 Quem
237 1136 339 1190 socium
355 1139 507 1192 exanimem
522 1143 605 1206 rates,
624 1140 697 1208 quod
711 1157 808 1209 corpus
822 1140 988 1194 humandum

131 1213 252 1267 Diceret.
290 1215 385 1282 Atque
402 1214 441 1266 illi
461 1215 599 1270 Misenum
617 1217 645 1268 in
662 1215 743 1269 litore
762 1217 837 1284 sicco,

132 1290 174 1342 Ut
192 1306 301 1358 venere,
319 1289 414 1344 vident
432 1291 545 1358 indigna
564 1295 652 1344 morte
670 1297 849 1360 peremptum,

133 1366 273 1419 Misenum
293 1365 434 1434 Aeoliden,
457 1382 511 1434 quo
529 1384 584 1421 non
601 1368 785 1435 praestantior
803 1369 873 1422 alter

132 1444 209 1495 Aere
227 1441 299 1494 ciere
317 1441 395 1510 viros,
416 1443 591 1512 Martemque
610 1442 758 1496 accendere
777 1448 864 1497 cantu.
952 1459 989 1498 ms

132 1517 263 1570 Hectoris
281 1516 325 1570 hic
342 1519 432 1586 magni
451 1519 541 1572 iuerat
560 1536 657 1586 eomes,
679 1519 801 1572 Hectora
818 1520 918 1573 circum

133 1594 172 1646 Et
189 1594 256 1647 lituo
274 1609 378 1662 pugnes
396 1595 509 1662 insignis
528 1594 621 1648 obibat
640 1598 670 1648 et
687 1595 772 1648 hasta

133 1671 284 1737 Postquam
302 1669 377 1723 illum
397 1671 453 1724 vita
471 1672 558 1724 victor
577 1671 702 1740 spoliavit
720 1672 849 1740 Achilles,

132 1745 273 1798 Dardanio
293 1749 404 1800 Aeneae
423 1764 483 1800 sese
501 1747 664 1801 fortissimus
682 1748 761 1801 heros

132 1821 293 1876 Addiderat
311 1824 421 1891 socium,
440 1839 492 1876 non
510 1824 639 1878 inferiora
658 1827 771 1878 secutus.
951 1838 988 1877 rra

132 1898 191 1952 Sed
207 1901 274 1967 tum,
293 1898 364 1952 forte
383 1915 448 1952 cava
466 1900 533 1952 dum
552 1903 682 1967 personat
700 1915 819 1968 aequora
836 1899 941 1964 concha,

132 1975 261 2042 Demens,
282 1979 310 2029 et
328 1980 409 2028 cantu
427 1977 551 2029 vocatia
570 1976 719 2030 certamina
737 1971 819 2042 divos,

133 2051 268 2104 Aemulus
287 2055 432 2120 exceptum
452 2052 554 2120 Triton,
574 2053 596 2104 si
615 2051 729 2105 credere
747 2050 859 2117 dignum
878 2055 927 2112 est

133 2127 213 2180 Inter
232 2143 297 2180 saxa
316 2128 403 2180 virum
424 2145 550 2197 spumosa
569 2128 731 2180 inmerserat
748 2126 827 2178 unda.

133 2203 207 2270 Ergo
225 2220 319 2257 omnes
337 2220 435 2271 magno
454 2197 554 2258 dircum
573 2204 690 2256 clamore
707 2201 867 2260 fremebant,
952 2216 988 2256 1⁷5

133 2279 285 2348 Praecipue
302 2281 363 2347 pius
384 2283 499 2335 Aeneas.
536 2281 604 2333 Tum
622 2280 695 2333 iussa
714 2277 836 2345 Sibyllae,

133 2355 219 2412 Haud
237 2373 320 2425 mora,
340 2357 473 2412 festinant
491 2358 595 2424 flentes,
617 2371 746 2424 aramque
765 2355 897 2423 sepulchri

133 2431 289 2500 Congerere
308 2432 451 2486 arboribus
470 2433 598 2500 caeloque
617 2427 734 2485 educere
753 2434 866 2483 certant.

133 2509 198 2561 Itur
214 2509 241 2560 in
260 2511 401 2577 antiquam
421 2509 522 2576 silvanr,
542 2509 650 2562 stabula
669 2507 725 2560 alta
743 2507 870 2571 ferarum,

133 2584 321 2638 Procumbunt
338 2586 438 2654 piceae,
458 2589 535 2638 sonat
553 2586 608 2638 ieta
626 2583 764 2638 securibus
780 2582 842 2650 ilex,
951 2595 988 2634 rso

133 2659 339 2730 Fraxineaeque
357 2661 451 2713 trabes
470 2662 562 2714 cuneis
581 2663 610 2714 et
627 2659 710 2714 fissile
727 2657 811 2712 robur

132 2735 280 2804 Scinditur,
299 2737 447 2790 advolvunt
465 2736 584 2806 ingentis
603 2734 740 2788 montibus
758 2749 843 2786 ornos.

133 2811 192 2865 Nec
210 2829 263 2866 non
284 2817 392 2866 Aeneas
412 2828 494 2880 opera
514 2813 586 2864 inter
604 2811 671 2865 talia
689 2811 793 2880 primus

133 2887 271 2943 Hortatur
289 2889 382 2952 socios,
401 2888 567 2958 paribusque
586 2888 736 2955 accingitur
755 2886 842 2939 armis.

133 2967 230 3033 Atque
247 2965 315 3018 haec
333 2966 392 3032 ipse
411 2981 459 3017 suo
477 2965 551 3018 tristi
569 2981 630 3020 cum
649 2963 731 3016 corde
749 2961 862 3026 volutat,
951 2971 987 3011 ras
1076 2956 1078 2958 ’

134 3040 309 3110 Adspectans
328 3041 421 3094 silvam
439 3041 597 3107 inmensam,
615 3043 644 3093 et
662 3039 700 3092 sie
717 3053 782 3090 voce
799 3037 960 3109 precatur:¹

134 3116 165 3171 Si
182 3133 254 3170 nunc
273 3133 302 3170 se
319 3115 397 3168 nobis
414 3117 460 3169 ille
478 3133 577 3170 aureus
595 3115 692 3168 arbore
709 3128 800 3164 ramus

134 3192 272 3248 Ostendat
291 3207 401 3246 nemore
419 3191 447 3245 iu
465 3195 556 3245 tanto!
580 3189 688 3257 quando
706 3187 795 3239 omma
812 3201 876 3238 vere
