2152 3506
388 177 569 227 AENEIDOS
588 179 658 228 LlB.
677 179 730 227 iv,
935 183 979 226 llll

122 263 186 329 lpse
204 261 275 314 hacc
293 261 365 314 ferre
381 258 460 312 iubet
478 260 573 314 celeris
590 260 721 315 mandate
738 277 788 351 per
806 277 899 316 auras:
945 273 982 314 27⁰

121 338 195 402 Quid
215 337 316 390 struisl
336 340 382 390 aut
401 353 455 404 qua
474 353 522 404 spe
541 335 646 404 Libyeis
663 339 732 391 teris
750 343 807 392 etin
823 336 922 394 terris?

120 414 150 467 Si
167 419 197 467 te
215 413 292 466 nulla
310 416 401 466 meret
419 415 558 465 tantarum
576 413 662 480 gloria
681 431 774 467 rerum

121 490 148 542 N
150 508 182 544 ee
199 506 285 556 super
301 490 361 558 ipsc
378 493 427 542 tua
445 489 547 541 moliris
566 488 647 543 laude
664 491 792 557 laborem,

122 567 273 620 Ascanium
293 571 450 634 surgentem
468 569 498 618 et
516 582 578 634 spes
595 565 704 620 heredis
723 567 776 620 Iuli

122 644 251 711 Respice,
270 643 313 696 eui
329 659 445 709 regnum
465 641 564 694 Italiae
583 641 760 711 Romanaque
777 643 860 698 tellus
947 658 983 698 275

121 719 275 772 Debentur.
312 718 370 770 Tali
390 717 526 786 Cyllenius
544 733 590 770 ore
609 717 715 772 loeutus

121 795 251 848 Mortalis
269 795 342 846 visus
359 793 450 847 medio
468 810 591 846 sermone
609 794 728 863 reliquit,

120 871 159 924 Et
177 871 275 940 procul
293 871 321 922 in
337 874 449 924 tenuem
468 887 502 923 ex
520 869 603 922 oeulis
622 872 730 925 evanuit
748 888 848 925 auram.

157 950 200 1000 At
218 965 283 1000 vero
302 950 411 1000 Aeneas
430 949 541 1015 aspectu
559 945 696 1001 obmutuit
714 965 814 1013 amens,

121 1025 315 1091 Arreetaeque
327 1022 440 1076 horrore
453 1039 554 1090 comae,
566 1027 595 1076 et
607 1041 658 1076 rex
671 1024 792 1078 saucibus
805 1024 901 1078 haesit.
947 1039 983 1077 asi

121 1100 218 1154 Ardet
237 1099 313 1153 abire
330 1100 394 1167 fuga
413 1099 553 1166 dulcisque
571 1099 724 1169 relinquere
742 1106 836 1162 terras

122 1177 272 1230 Attonitus
290 1179 368 1230 tante
386 1175 490 1228 monitu
508 1175 667 1243 iupen'eque
686 1176 806 1230 deorum.

122 1253 190 1306 Heu
207 1251 278 1322 quid
296 1255 377 1320 agatl
397 1269 451 1320 quo
470 1268 540 1304 nune
558 1253 681 1320 reginam
699 1252 803 1306 ambire
821 1255 957 1304 furentem

123 1328 240 1382 Audeat
258 1327 369 1381 adlatul
389 1345 458 1394 quae
475 1328 564 1396 prima
582 1328 694 1381 exordia
712 1329 818 1382 sumatl

123 1407 222 1472 Atque
235 1403 354 1456 animum
367 1419 437 1456 nuuc
448 1404 502 1456 huc
513 1404 639 1470 celerem,
651 1420 722 1457 nune
736 1403 833 1456 dividit
844 1404 914 1465 illuc,
946 1419 982 1458 ase

123 1481 158 1532 In
178 1481 319 1548 partisque
337 1481 410 1547 rapit
427 1481 515 1532 varias
532 1496 637 1548 perque
655 1481 744 1534 omnia
762 1484 859 1533 versat.

123 1556 203 1609 Haec
222 1557 369 1610 alternanti
386 1557 476 1624 potior
494 1556 630 1609 sententia
647 1556 705 1609 risa
723 1561 778 1610 est:

123 1632 273 1686 Mnesthea
291 1632 506 1700 Sergestumque
524 1636 604 1686 vocat
621 1633 775 1700 fortemque
794 1633 940 1698 Serestum,

123 1709 248 1762 Classem
267 1711 362 1777 aptent
379 1709 457 1762 taciti
475 1709 614 1778 sociosque
633 1709 669 1762 ad
687 1711 767 1762 litera
785 1715 888 1777 cogant,

124 1787 214 1838 Arma
232 1789 338 1854 parent,
356 1788 392 1851 et,
411 1801 482 1853 quae
500 1783 583 1838 rebus
602 1784 637 1837 sit
655 1803 749 1838 caussa
766 1787 905 1851 novandis,
949 1799 984 1838 aee

123 1861 321 1924 Dissimulent3
342 1877 400 1913 sese
419 1861 530 1927 interea,
550 1862 658 1928 quande
676 1869 787 1930 optuma
806 1861 877 1914 Dido

122 1937 149 1989 N
152 1937 239 1990 eseiat
257 1941 286 1989 et
305 1939 397 1989 tantos
415 1937 504 2004 rumpi
523 1952 577 1988 nen
596 1941 688 2004 speret
705 1954 819 2004 amores,

122 2013 336 2082 Temptaturum
355 2012 454 2078 aditus,
473 2016 503 2066 et
521 2029 590 2080 quae
608 2013 766 2066 mollissima
784 2012 859 2066 fandi

122 2089 267 2158 Tempora,
287 2089 348 2158 quis
365 2088 447 2141 rebus
465 2088 563 2142 dexter
581 2089 684 2146 medus.
722 2089 804 2143 Ocius
821 2106 915 2143 omnes

123 2166 238 2235 Inperie
255 2166 320 2219 laeti
337 2169 437 2233 parent
455 2182 486 2218 ac
503 2165 575 2217 iussa
593 2165 736 2219 facessunt.
948 2181 982 2220 ass

161 2242 202 2294 At
220 2240 315 2307 regina
333 2239 507 2309 dolos-quis
524 2240 619 2294 fallere
636 2243 724 2311 pessit
741 2243 929 2296 amanteml-

123 2317 292 2383 Praesensit‚
310 2317 583 2386 metusqueexcepit
601 2319 688 2386 prima
705 2319 820 2382 futuros,

123 2393 224 2446 Omnia
242 2397 304 2446 tuta
322 2393 428 2446 timens.
468 2394 570 2447 Eadem
589 2395 672 2462 impia
691 2395 773 2447 Fama
793 2394 894 2448 furenti

124 2469 234 2522 Detulit
252 2471 351 2522 armari
370 2470 483 2522 classem
502 2477 665 2538 cursumque
684 2470 783 2538 parari.

125 2545 220 2598 Saevit
236 2546 315 2613 inops
333 2545 423 2612 animi,
442 2549 584 2615 totamque
602 2547 712 2599 incensa
730 2563 779 2613 per
797 2545 893 2599 urbem
947 2561 984 2598 sse

125 2621 288 2688 Bacchatur,
307 2621 394 2688 qualis
411 2624 553 2676 commutis
572 2623 661 2675 exeita
680 2621 763 2675 saeris

124 2697 232 2766 Thyias,
250 2698 296 2751 ubi
314 2699 408 2752 audite
427 2700 569 2753 stimulant
586 2700 726 2753 trieterica
746 2698 852 2752 Baccho

123 2773 211 2841 Orgia
228 2777 432 2842 nocturnusque
450 2779 530 2828 secat
548 2777 665 2828 clamore
685 2775 839 2827 Cithaeron.

124 2849 248 2903 Tandem
266 2849 309 2902 his
329 2852 441 2903 Aenean
460 2852 605 2919 compellat
622 2851 732 2904 vocibus
749 2851 835 2902 ultro:

161 2925 341 2978 Dissimulare
360 2927 442 2980 etiam
461 2928 586 2994 sperasti,
604 2927 716 2995 perfide,
734 2928 842 2978 tanturn
946 2939 983 2980 ecs

125 3001 211 3056 Posse
230 3002 314 3070 nefas,
331 3003 486 3072 tacitusque
503 3020 564 3056 mea
582 3002 717 3056 decedere
735 3003 828 3054 terrai

126 3077 185 3131 Nec
203 3081 233 3131 te
250 3081 344 3132 nester
362 3095 444 3146 amer,
462 3095 512 3131 nee
530 3082 560 3131 te
578 3079 643 3130 data
661 3076 776 3128 dextera
794 3081 938 3146 quondam,

126 3154 186 3207 Nec
203 3155 335 3208 moritura
353 3158 430 3207 tenet
447 3154 552 3206 crudeli
569 3154 665 3205 funere
683 3149 772 3200 Didol

127 3229 199 3290 (luia
219 3230 300 3283 etiam
320 3229 435 3281 hiberno
453 3228 556 3280 moliris
574 3225 664 3278 sidere
682 3222 802 3280 classem,
