2174 3502
123 164 169 210 lul
362 157 390 204 P.
408 156 562 204 VERGILI
580 157 745 205 MARONIS

122 239 266 304 Daedalus,
286 239 343 306 ipse
362 235 438 289 dolos
457 234 526 288 teeti
543 234 728 304 ambagesque
746 237 866 304 resolvit,

122 315 210 370 Caeca
226 329 324 380 regens
343 312 388 364 filo
407 311 529 379 vestigia.
566 311 607 364 Tu
625 327 734 380 quoquc
753 329 880 380 magnam
959 328 987 370 se

123 391 233 444 Partem
252 405 334 456 opere
351 388 379 440 in
398 391 483 454 tante,
503 388 605 440 sineret
623 387 708 454 dolor,
729 389 814 453 leare,
833 389 962 445 haberes.

123 466 171 520 Bis
189 468 301 519 cenatus
320 469 380 517 erat
398 479 477 516 casus
495 463 624 531 effingere
643 464 671 516 in
690 481 771 530 auro;

123 543 172 596 Bis
190 541 295 612 patriae
313 539 437 593 cecidere
455 556 560 594 manus.
597 539 669 603 Quin
686 540 812 609 protinus
830 542 924 595 omnia

124 618 300 685 Perlegerent
319 615 410 683 acidis,
428 616 456 668 ni
473 616 528 668 iam
547 617 712 684 praemissus
731 617 854 670 Achates

126 695 242 748 adforet
260 697 343 762 atque
361 709 415 745 una
435 692 537 745 Phoebi
556 692 718 761 Triviaeque
736 692 870 754 sacerdos,
962 710 987 748 ³⁵

126 770 265 838 Deiphobe
284 769 387 835 Glauci,
406 768 480 821 fatur
499 785 569 836 quae
587 768 652 821 talia
671 769 744 836 regi:

68 863 72 870 ·
124 846 186 898 Non
204 846 254 901 boe
272 845 326 898 ista
344 845 394 898 sibi
413 850 521 913 tempus
540 845 695 912 spectacula
711 844 814 912 pescit;

125 922 150 974 N
153 938 203 974 unc
220 937 303 988 grege
322 921 357 973 do
375 921 477 974 intacto
496 925 601 989 septem
622 924 742 974 mactare
760 921 887 972 iuvencos

126 996 306 1062 Praestiterit,
325 996 443 1049 totidem
461 997 547 1050 lectas
565 996 601 1049 de
620 1013 695 1049 mere
714 995 841 1049 bidentis.

125 1072 235 1125 Talibus
253 1071 346 1125 adfata
365 1075 564 1126 Aenean-nec
583 1088 659 1125 sacra
678 1076 819 1124 merantur
961 1089 986 1126 se

127 1149 204 1200 lussa
222 1148 425 1200 viri—Teucros
443 1156 521 1202 vocat
539 1149 596 1201 alta
612 1148 640 1200 in
659 1147 761 1216 templa
779 1147 912 1200 sueardus.

161 1225 288 1277 Excisum
308 1223 444 1278 Euboicae
462 1224 535 1277 latus
552 1225 648 1292 ingens
667 1225 742 1292 rupis
761 1223 788 1274 in
807 1229 926 1289 antrum,

126 1301 185 1366 Quo
203 1300 252 1354 lati
270 1300 374 1354 ducunt
393 1300 484 1354 aditus
502 1304 619 1368 centum,
638 1300 709 1354 ostia
727 1303 852 1362 cantuum

125 1377 207 1430 Unde
225 1381 309 1430 ruunt
327 1377 446 1430 tetidem
464 1392 550 1442 voces,
569 1393 699 1445 responsa
718 1375 843 1444 Sibyllae.

126 1452 248 1506 Ventum
267 1457 327 1507 erat
346 1453 382 1505 ad
399 1452 491 1520 limen,
509 1469 570 1506 cum
589 1453 673 1520 virge,
694 1453 808 1505 Poscere
827 1452 886 1516 fata
961 1466 986 1505 45

126 1529 251 1596 Tempus,
270 1529 324 1593 ait;
342 1528 419 1597 deus,
438 1545 508 1595 ecce,
528 1529 610 1583 deus!
650 1529 700 1583 Gai
719 1528 785 1582 talia
802 1527 870 1580 lauti

127 1607 202 1657 Ante
219 1604 291 1657 loros
309 1604 400 1657 subito
417 1619 471 1657 nen
489 1605 586 1673 voltus,
604 1622 658 1659 non
676 1605 751 1658 color
767 1620 844 1668 unus,

127 1679 152 1732 N
155 1696 189 1732 ea
207 1683 331 1746 comptae
349 1695 474 1732 mansere
492 1697 600 1746 comae;
619 1681 669 1735 sed
686 1684 783 1750 peetus
801 1679 939 1748 anhelum,

130 1754 166 1808 llt
184 1755 259 1808 rabie
277 1756 335 1808 lere
354 1756 436 1808 corda
453 1761 576 1824 tumont3
595 1758 734 1826 maiorque
754 1757 849 1824 videri,

128 1831 153 1884 N
156 1848 186 1884 ec
204 1832 319 1885 mortale
337 1833 565 1900 sonans,'adflata
583 1838 627 1887 est
644 1834 754 1887 numine
773 1833 883 1900 quaudo
964 1847 988 1883 nii

129 1907 188 1961 lam
206 1909 332 1977 propiore
351 1908 404 1962 dei.
441 1909 538 1963 Gessas
555 1911 583 1962 in
601 1914 666 1963 veta
683 1925 840 1979 precesque,

128 1983 202 2051 Tres,
221 1985 267 2049 ait,
287 1987 397 2039 Aenea?
416 1990 522 2038 eessas'l
540 2002 630 2054 neque
649 1986 720 2039 enim
739 1989 803 2038 ante
822 1984 967 2039 dehiscent

130 2061 274 2114 Attonitae
292 2077 390 2128 magna
409 2077 456 2114 ora
474 2061 577 2114 demus.
615 2062 651 2115 Elt
671 2062 736 2115 talia
754 2061 811 2114 lata

129 2136 270 2190 Conticuit.
307 2137 420 2191 Gelidus
439 2137 549 2190 'Teucris
566 2155 618 2206 per
636 2137 706 2192 dura
724 2139 845 2191 cucurrit

129 2213 198 2266 Ossa
210 2217 319 2277 tremor,
332 2213 477 2282 funditque
489 2231 584 2283 preces
597 2231 646 2268 rex
658 2217 771 2283 pectore
784 2213 818 2266 ab
830 2213 900 2268 imo:
963 2228 990 2268 to

131 2288 248 2354 Phoebe,
266 2291 357 2355 gravis
376 2289 471 2342 Troiae
490 2307 597 2359 semper
615 2291 743 2344 miserate
761 2289 877 2357 labores,

129 2364 258 2416 Dardana
276 2365 322 2432 qui
343 2365 449 2417 Paridis
467 2365 569 2418 direxti
589 2367 645 2418 tela
663 2381 813 2434 arianusque

130 2439 234 2508 Gerpus
252 2440 280 2492 in
300 2439 444 2506 Aeacidae,
464 2457 575 2508 uragnas
595 2441 724 2495 obeuntia
743 2448 831 2495 terras

130 2515 182 2568 Tot
200 2516 286 2569 maria
304 2516 404 2569 intravi
424 2517 493 2570 duce
511 2524 540 2570 te
559 2519 722 2586 penitusque
739 2522 862 2586 repostas

131 2590 277 2660 Massylum
297 2594 386 2660 gentis
405 2597 604 2662 praetentaque
623 2595 748 2663 Syrtibus
765 2611 836 2660 arva,
963 2611 990 2647 ar

131 2667 190 2720 lain
209 2669 320 2722 tandem
342 2669 439 2722 ltaliae
457 2670 587 2736 fugientis
605 2671 764 2739 prendimus
783 2689 858 2734 oras;

132 2743 192 2796 Ilae
212 2743 327 2798 Troiana
344 2751 425 2798 tenus
444 2746 527 2798 luerit
546 2745 668 2800 Fortuna
688 2751 787 2800 secuta.

133 2819 189 2872 Vos
207 2837 315 2889 queque
335 2821 500 2888 Pergameae
516 2823 570 2876 iam
588 2823 629 2876 fas
647 2828 690 2878 est
709 2839 820 2892 parcere
837 2823 921 2890 gelati,
1082 2885 1083 2890 Ἰ

133 2895 222 2963 Dique
241 2896 364 2964 deaeque
381 2914 482 2964 omnes,
501 2898 599 2965 quibus
617 2899 725 2954 obstitit
744 2899 827 2952 llium
844 2901 875 2950 et
890 2898 990 2964 ingens
1082 2937 1083 2968 ,

134 2970 225 3022 Gloria
244 2971 403 3025 Dardaniae.
440 2974 541 3041 Tuque,
561 2992 577 3027 o
596 2976 766 3029 sanctissima
783 2977 868 3041 vates,
962 2990 990 3027 us
1082 2977 1083 3024 i

133 3043 259 3100 Praescia
277 3048 393 3112 venturi,
413 3047 457 3114 da,
478 3065 531 3100 aon
549 3049 673 3103 indebita
690 3067 772 3119 poseo

134 3115 229 3183 Regna
248 3122 318 3173 meis
336 3123 406 3187 latis,
427 3123 504 3175 Latio
523 3124 665 3179 considere
684 3126 801 3180 Teucros

133 3187 311 3262 Errantisque
330 3197 396 3250 deos
414 3197 572 3266 agitataque
590 3202 700 3256 numina
719 3202 823 3256 Troiae.
