2172 3506
378 458 407 506 P.
426 457 576 504 VERGILI
593 455 757 504 MARONIS

336 630 796 710 AENEIDOS

409 837 526 890 LIBER
544 834 720 890 DECIMUS.

512 1001 612 1028 -4-
656 1037 661 1052 ι

140 1117 293 1172 Panamara
310 1077 530 1173 intercedemus
547 1119 743 1191 omnim—tentis
761 1115 877 1186 Olympi,

140 1195 348 1262 Conciliumque
365 1199 444 1248 vocat
462 1195 553 1249 divom
571 1198 752 1263 paternique
770 1193 909 1246 hominurn
927 1207 976 1244 rex

140 1269 284 1324 sideream
302 1271 329 1322 in
349 1270 450 1337 sedem,
468 1275 558 1324 terras
574 1270 649 1324 unde
667 1270 769 1322 arduus
786 1267 873 1321 omnis

141 1345 295 1414 Castraque
313 1345 501 1400 Dardanidum
519 1345 663 1415 adspectat
680 1344 850 1413 populosque
868 1341 986 1395 Latinos

141 1421 294 1476 Considunt
311 1423 392 1476 tectis
411 1421 617 1492 bipatentibus;
634 1421 730 1489 incipit
747 1419 821 1487 ipse:
976 1433 987 1470 s

141 1497 292 1576 Caelicolae
309 1498 408 1566 magni,
426 1515 552 1567 quianam
571 1498 707 1552 sententia
724 1495 801 1548 rubis

141 1574 231 1627 Versa
247 1578 330 1640 retro,
348 1579 510 1643 tantumque
527 1575 624 1627 animis
642 1575 754 1629 certatis
771 1572 889 1640 iniquisl

142 1649 300 1704 Abnueram
319 1651 391 1703 bello
410 1651 518 1704 ltaliam
536 1667 699 1706 concurrere
717 1649 835 1702 Teucris.

141 1725 218 1787 Quae
235 1730 332 1779 contra
348 1727 465 1779 vetitum
485 1725 638 1780 discerdial
656 1729 717 1794 quis
735 1728 825 1778 metus
843 1728 891 1776 aut
908 1724 958 1774 hos

141 1804 202 1855 Aut
218 1801 267 1854 hos
285 1819 362 1855 arma
380 1803 455 1870 sequi
474 1803 631 1869 ferrumque
648 1802 781 1855 lacessere
799 1800 884 1852 suasit
895 1802 904 1852 'l
963 1814 987 1850 10

140 1878 280 1933 Adveniet
296 1880 398 1933 iustum
415 1895 531 1947 pugnae,
549 1895 584 1931 ne
602 1880 739 1944 arcessite,
757 1881 873 1944 tempus,

141 1954 209 2008 Cum
227 1955 286 2008 sera
305 1955 447 2023 Karthago
466 1955 596 2008 Romanis
614 1954 721 2007 arcibus
739 1952 802 2006 olim

140 2030 263 2084 Exitium
281 2047 409 2098 magnum
428 2033 512 2098 atque
531 2030 617 2098 Alpes
634 2029 755 2082 inmittet
774 2031 900 2095 apertas:

140 2105 209 2158 'lum
227 2109 334 2160 certare
352 2106 429 2173 odiis,
447 2110 507 2159 tum
526 2121 570 2158 res
588 2105 712 2172 rapuisse
729 2103 830 2157 licebit.

139 2181 166 2233 N
169 2197 222 2234 unc
239 2181 328 2248 sinite,
346 2184 375 2236 et
392 2181 522 2251 placitum
540 2180 606 2234 laeti
624 2178 768 2247 componite
785 2177 891 2231 foedus.
965 2193 987 2231 m

177 2256 303 2326 luppiter
319 2257 387 2311 haec
404 2256 515 2326 paucis3
532 2260 562 2310 at
579 2273 632 2309 non
651 2255 746 2308 Venus
763 2271 846 2308 aurea
863 2258 958 2308 contra

141 2333 233 2385 Pauca
249 2333 352 2386 refert:

140 2407 165 2460 Ο
185 2408 275 2476 Pater,
293 2425 310 2461 o
327 2409 466 2462 hominum
485 2426 631 2476 rerumque
649 2412 762 2462 aeterna
778 2411 915 2478 potestas!

141 2484 268 2552 Namque
285 2485 361 2538 aliud
378 2485 445 2553 quid
464 2485 507 2552 sit,
526 2485 601 2554 quod
618 2486 672 2538 iam
687 2485 823 2553 inplorare
837 2483 988 2550 queamusl

141 2559 246 2626 Cernis,
264 2564 295 2614 ut
313 2560 444 2615 insultent
463 2560 567 2626 Rutuli,
585 2561 747 2628 Turnusque
764 2560 870 2612 feratur
963 2571 988 2610 ao

145 2637 197 2688 Per
213 2637 318 2689 medios
335 2637 448 2705 insignis
467 2637 544 2705 equis
563 2636 740 2706 tumidusque
758 2635 877 2688 secundo

142 2711 234 2765 Marte
251 2713 336 2766 ruatl
355 2713 416 2765 Non
434 2713 526 2766 clausa
542 2715 642 2779 tegunt
659 2711 715 2764 iam
732 2711 840 2764 moenia
854 2711 987 2764 Teucros:

143 2785 215 2850 Quin
232 2787 306 2840 iutra
322 2792 414 2856 portas
432 2792 516 2856 atque
532 2788 598 2857 ipsis
615 2787 719 2857 proelia
736 2787 851 2841 miscent

144 2862 301 2930 Aggeribus
318 2880 468 2930 murorum·
484 2868 513 2918 et
530 2864 665 2918 inundant
684 2863 815 2932 sanguine
833 2861 930 2914 fossae.

144 2940 253 2991 Aeneas
271 2938 381 3008 ignarus
398 2938 483 2992 abest
521 2940 713 3008 Numquamne
730 2937 814 2992 levari
965 2951 988 2992 aa

144 3013 296 3068 Obsidione
313 3014 405 3070 sinaei
423 3015 508 3068 muris
525 3015 626 3070 iterum
643 3015 769 3067 imminet
785 3013 872 3068 hostis

143 3089 289 3144 Nascentis
307 3091 410 3158 Troiae,
428 3106 550 3144 necnon
568 3090 704 3144 exercitus
722 3089 809 3153 alter;

145 3167 240 3234 Atque
258 3166 359 3219 iterum
377 3167 405 3221 in
424 3167 542 3219 Teucros
561 3164 667 3218 Aetolis
686 3163 773 3228 surgit
791 3163 826 3215 ab
846 3163 929 3228 Arpis
