2172 3506
378 124 562 174 AENEIDOS
580 122 647 172 LIB,
667 123 702 172 X.
929 131 974 176 287

123 201 265 270 Ingemuit
283 201 340 255 cari
356 204 478 270 graviter
495 203 629 271 genitoris
645 220 745 268 amore,

122 280 162 334 Ut
182 279 260 345 vidit,
278 277 392 346 Lausus,
410 279 593 348 lacrimaeque
610 296 661 349 per
677 296 726 333 ora
744 281 858 334 volutae.
941 297 977 336 rao

122 355 178 408 Hie
195 355 293 408 mertis
311 353 397 408 durae
416 371 508 408 casum
526 360 628 423 tuaque
646 360 759 426 optuma
776 357 855 423 saeta,

121 430 151 484 Si
170 448 226 500 qua
244 430 328 484 fidem
346 434 424 486 tanto
442 436 485 484 est
503 432 579 500 operi
597 432 687 486 latura
704 435 833 496 vetustas,

120 507 146 560 N
149 525 185 561 en
204 507 341 576 equidem,
357 524 408 561 nee
425 511 462 573 ta,
480 507 586 562 iuvenis
603 508 786 575 memorande,
806 509 898 562 silebo.

121 583 175 637 Ille
193 584 294 650 pedem
311 584 433 636 referens
450 587 481 638 et
498 583 602 637 inutilis
620 584 703 652 inque
721 585 821 652 ligatus
978 643 981 652 Δ

121 658 256 724 Cedebat,
274 659 415 727 clipeoque
434 659 572 714 inimicum
590 659 689 714 hastile
707 661 841 715 trahebat.
940 677 976 716 aaa

123 735 265 805 Proripuit
282 735 388 788 iuvenis
406 752 521 803 seseque
538 735 677 789 inmiscuit
694 737 784 802 armis,

124 811 239 880 lamque
256 811 431 878 adsurgentis
450 812 548 866 dextra
565 812 728 881 plagamque
746 812 859 868 ferentis

122 891 235 940 Aeneae
253 887 339 941 subiit
356 903 520 954 mucronem,
538 887 682 958 ipsumque
700 889 832 944 morando

119 963 274 1028 Sustinuit3
292 963 357 1018 socii
375 980 472 1032 magno
490 964 607 1018 clamore
625 969 783 1033 seqamntm,

120 1040 196 1092 Dum
213 1042 322 1108 genitor
340 1039 398 1094 nati
415 1057 510 1108 parma
528 1045 669 1109 protectus
688 1041 785 1108 abiret,
938 1057 975 1095 soe

119 1115 242 1184 Telaque
259 1116 415 1182 eoniieiunt,
435 1116 656 1186 proturbantque
674 1118 779 1170 eminus
797 1117 903 1171 bostem

120 1192 282 1246 Missilibus.
319 1191 400 1246 Furit
420 1194 536 1259 Adamas,
554 1196 701 1262 tectusque
719 1197 797 1248 tenet
815 1211 851 1247 se.

149 1287 164 1322 e
184 1269 259 1323 velut
277 1269 363 1322 effusa
381 1269 405 1322 si
424 1269 533 1336 quando
551 1269 686 1337 grandine
704 1269 789 1322 nimbi

121 1346 316 1414 Praecipitant,
335 1345 422 1398 onmis
440 1346 542 1414 campis
560 1345 670 1413 diffugit
689 1349 788 1411 arator,
806 1379 809 1386 ·

120 1421 218 1475 Omnis
235 1425 264 1475 et
282 1421 407 1490 agricola,
425 1426 454 1476 et
472 1425 533 1475 tuta
551 1423 620 1475 latet
638 1438 701 1474 aree
720 1421 815 1488 viator,
938 1439 974 1478 soa

122 1501 180 1552 Aut
198 1499 285 1552 amnis
302 1498 376 1567 ripis,
395 1503 444 1552 aut
462 1498 510 1552 alti
528 1499 631 1552 fornice
649 1498 715 1565 saxi,

120 1574 193 1627 Dum
211 1574 282 1642 pluit
299 1575 328 1627 in
346 1575 436 1641 terris,
455 1577 486 1627 ut
504 1575 609 1642 possint
627 1573 683 1626 sele
703 1573 816 1628 reducto

120 1651 256 1704 Exereere
274 1651 422 1706 diemnsie
440 1650 554 1704 obrutus
572 1649 694 1718 undique
712 1650 774 1704 telis

121 1731 230 1780 Aeneas
248 1728 348 1780 nubem
366 1725 439 1794 belli,
457 1727 523 1780 dum
542 1727 657 1780 detonet
675 1727 769 1793 omnis,

119 1804 248 1866 Sustinet,
267 1806 296 1856 et
315 1803 433 1856 Lausum
452 1803 599 1871 increpitat
618 1803 762 1870 Lausoque
779 1803 911 1858 minatur:
937 1820 973 1858 sie

119 1880 180 1942 Quo
199 1880 281 1932 nrorit
282 1896 331 1932 ure
349 1879 413 1945 ruis,
431 1879 588 1948 maioraque
606 1879 710 1932 viribus
727 1879 832 1932 audesl

121 1956 202 2008 Fallit
220 1959 249 2009 to
266 1956 405 2008 incautum
423 1955 577 2033 pietastua
543 1955 678 2008 uaNee
697 1955 785 2008 minus
803 1954 849 2007 ille

120 2031 248 2086 Exsultat
266 2031 393 2096 demens;
423 2047 519 2084 saevae
537 2031 647 2099 iamque
664 2031 712 2084 elt'
693 2035 748 2084 t1us
765 2031 822 2083 irae

119 2107 258 2161 Dardanio
277 2111 393 2174 surgunt
412 2107 526 2175 ductori,
545 2110 724 2176 extremaque
744 2106 832 2159 Lauso

118 2183 221 2238 Pareae
239 2183 285 2236 fila
303 2183 409 2251 legunt:
429 2149 550 2236 validuln
567 2199 687 2251 namque
705 2182 792 2250 exigit
809 2197 902 2234 ensem
936 2199 973 2236 ma

118 2259 173 2312 Per
191 2259 313 2314 medium
335 2258 467 2312 Aeneas
459 2275 592 2325 iuvenem,
611 2261 756 2327 totumque
774 2243 908 2311 recondit.

117 2335 286 2389 'frenante
303 2351 426 2404 parmam
444 2352 546 2403 mucre,
564 2335 635 2388 levia
653 2351 729 2388 arma
746 2335 866 2402 minaeis,

118 2413 155 2464 llt
172 2412 300 2478 tunicam,
319 2411 392 2464 melli
405 2415 499 2481 ‚nrater
517 2427 599 2480 quam
617 2416 730 2466 neverat
747 2428 820 2478 auro,

119 2487 292 2556 Inplevitque
310 2487 398 2540 sinum
417 2487 541 2555 sangaris3
552 2491 618 2540 tum
636 2487 693 2540 vita
711 2504 760 2555 per
777 2503 857 2540 auras

118 2563 259 2617 concessit
276 2566 382 2616 maesta
399 2563 435 2616 ad
454 2563 551 2632 Manis,
569 2579 722 2632 corpusque
740 2562 858 2627 reliquit.
936 2577 972 2614 am

121 2643 159 2692 At
177 2655 241 2692 vero
258 2643 291 2694 ut
308 2639 412 2693 voltum
430 2638 501 2693 vidit
517 2639 660 2693 morientis
678 2642 706 2692 et
724 2655 779 2704 era,

117 2714 174 2768 Ora
191 2715 280 2768 modis
301 2715 481 2770 Aarohisiades
498 2715 628 2784 pallentia
645 2715 730 2782 miris,

118 2789 259 2858 Ingemuit
276 2792 408 2844 miserans
426 2791 554 2858 graviter,
573 2791 755 2858 dextramque
773 2790 901 2855 tetendit,

119 2867 154 2919 lit
172 2871 291 2920 mentem
309 2868 417 2936 patriae
435 2867 519 2920 subiit
537 2867 649 2936 pietatis
667 2867 764 2935 imago.

117 2941 190 3006 auid
207 2943 260 2996 tibi
278 2960 357 3009 nune,
376 2942 532 2996 miserande
550 2959 626 3010 puer,
638 2959 688 3010 pro
706 2941 833 2996 laudibus
852 2941 920 3000 istis,
933 2953 970 2991 saa

118 3018 189 3082 Quid
206 3019 269 3088 pius
288 3021 396 3072 Aeneas
412 3021 491 3072 tanta
508 3018 587 3072 dabit
604 3018 695 3071 indole
714 3017 845 3084 dignuml

119 3096 211 3162 Arma,
230 3095 329 3164 quibus
347 3095 474 3159 laetatus,
486 3094 558 3148 habe
577 3097 639 3158 taum
656 3096 741 3160 teque
759 3095 903 3158 parentum

117 3168 243 3224 lienibus
261 3174 290 3224 et
301 3171 393 3237 cineri,
412 3170 435 3222 si
454 3172 569 3237 quaest
587 3185 619 3222 ea
637 3185 708 3232 era,
727 3167 846 3220 remitto,
