2152 3506
398 171 578 221 AENEIDOS
596 173 667 223 LIB.
687 172 708 221 1.
944 173 975 219 93

123 253 247 322 ltupibus
265 254 402 321 excidunt,
421 255 523 307 scaenis
542 253 641 307 decora
659 253 716 307 alta
733 251 837 307 futuris.

65 325 106 416 (λ’
122 331 215 395 Qualis
233 347 299 399 apes
318 334 423 383 aestate
442 347 511 382 nova
528 346 578 398 per
596 329 680 382 florea
697 346 761 382 rura
939 343 976 384 bo

124 407 241 460 Exercet
261 407 312 459 sub
330 406 385 459 sole
404 405 487 474 labor,
506 423 568 458 cum
586 406 677 473 gentis
696 407 804 460 adultos

49 520 55 529 ·
123 483 251 536 Educunt
269 483 349 550 fetus,
369 486 416 536 aut
435 500 495 536 oum
514 483 645 550 liquentia
664 483 744 535 mella

48 561 231 628 M‘Stipant
250 563 279 612 et
299 559 369 611 dulci
390 559 550 612 distendunt
569 564 679 613 nectare
697 560 785 626 collas,

126 638 183 689 Aut
201 653 283 689 onera
301 636 436 703 accipiunt
454 635 611 688 venientum
629 640 677 689 aut
694 638 889 722 agmitho

125 712 257 779 Ignavum
275 713 350 764 fucos
368 727 450 781 pecus
470 727 487 764 a
504 711 680 780 praesepibus
699 717 804 766 arcent:
939 730 975 768 sss

125 787 225 842 Fervet
243 806 317 858 opus,
335 788 516 857 redolentque
535 788 626 869 Qo
646 790 794 857 fragrantia
811 789 898 842 mella
906 794 939 882 pl

80 864 305 940 ²‘0mmti,
325 882 438 934 qnorum
457 866 511 918 iam
529 867 635 918 moenia
653 870 783 934 surgunt!

125 942 233 994 Aeneas
251 943 296 1007 ait,
316 946 345 994 et
362 942 470 1010 fastigia
489 942 600 1010 suspicit
618 943 700 996 urbis.

125 1017 214 1070 Infert
232 1035 261 1070 se
280 1022 389 1086 saeptus
408 1018 662 1072 nebulaffimirabile
681 1019 788 1073 dietu—

126 1091 179 1146 l'er
196 1094 305 1159 medios,
323 1095 471 1164 miscetque
489 1095 560 1162 viris,
580 1111 667 1164 neque
685 1096 804 1149 cernitur
821 1095 875 1148 ulli.
938 1109 976 1148 eso

159 1169 247 1222 Lucus
264 1171 292 1223 in
310 1171 378 1224 urbo
396 1171 448 1224 fuit
467 1171 565 1237 media,
584 1171 747 1224 laetissimus
765 1171 886 1236 umbrae,

78 1245 184 1312 27Quo
201 1247 318 1314 primum
336 1248 428 1300 iactati
445 1247 526 1300 undis
544 1250 573 1300 et
590 1248 700 1301 turbine
719 1248 873 1300 Possit*

126 1319 251 1375 Effodere
269 1322 327 1376 loco
345 1325 458 1390 signum,
478 1325 552 1390 quod
571 1324 646 1390 regia
665 1324 733 1376 Iuno

126 1397 300 1465 Monstrarat,
320 1403 402 1466 caput
421 1400 490 1452 acris
509 1401 585 1468 equi;
606 1400 643 1451 sic
661 1416 723 1452 nam
742 1400 799 1452 fore
816 1399 888 1452 bello

126 1474 269 1542 Egregiam
287 1479 316 1528 et
333 1475 440 1528 facilem
460 1476 532 1530 victu
549 1493 599 1544 per
617 1476 722 1530 saecula
739 1479 855 1544 gentem.
908 1523 913 1533 ,
938 1490 975 1530 44⁶

84 1551 179 1626 ayllic
197 1552 328 1619 templum
350 1537 558 1620 lurffii'iri'gens
578 1552 688 1606 Sidonia
706 1552 778 1605 Dido

127 1625 273 1693 Condebat,
293 1628 371 1682 donis
390 1629 546 1696 opulentum
566 1633 594 1682 et
612 1630 721 1682 numine
739 1629 824 1696 divae,

128 1705 217 1756 Aerea
234 1705 276 1756 cui
294 1705 424 1772 gradibus
444 1706 592 1774 surgebant
610 1706 702 1759 limina
720 1722 858 1773 nexaeque

127 1779 200 1832 Aere
218 1781 317 1848 trabes,
336 1782 438 1836 foribus
458 1782 539 1835 cardo
559 1781 693 1834 stridebat
711 1783 791 1834 aenis.
832 1785 835 1790 '

127 1855 186 1908 Hoc
204 1857 320 1924 primum
338 1859 364 1910 in
384 1858 443 1911 luco
462 1875 531 1911 nova
548 1875 593 1910 res
604 1857 702 1911 oblata
720 1857 844 1910 timorem
939 1871 975 1910 seo

126 1929 222 1998 Leniit,
241 1932 283 1986 hic
301 1935 417 2001 primum
438 1937 546 1987 Aeneas
566 1949 675 2002 sperare
694 1934 809 1985 salutem

127 2009 218 2060 Ausus
236 2013 265 2061 et
283 2010 398 2064 adflictis
416 2011 513 2062 melius
531 2010 666 2062 confidere
685 2009 772 2061 rebus.

127 2083 251 2152 Namque
270 2086 320 2137 sub
337 2087 441 2154 ingenti
459 2086 560 2138 lustrat
578 2085 643 2137 dum
662 2084 767 2151 singula
784 2084 893 2150 templo,

128 2155 259 2225 Regulam
278 2163 428 2230 opperiens,
448 2161 520 2226 dum,
538 2177 608 2229 quae
628 2161 749 2212 Fortuna
767 2159 801 2212 sit
819 2158 885 2221 urbi,

129 2235 325 2304 Artificumque
343 2255 439 2292 manus
456 2239 528 2291 inter
547 2255 576 2290 se
594 2252 760 2305 operumque
778 2234 898 2288 laborem
941 2249 976 2287 sss

127 2307 252 2378 Miratur,
271 2313 347 2367 videt
366 2315 464 2368 Iliacas
482 2331 516 2367 ex
534 2315 628 2366 ordine
647 2329 751 2382 pugnas

127 2385 258 2456 Bellaque
275 2389 328 2443 iam
347 2391 419 2444 fama
437 2395 525 2444 totum
544 2391 652 2458 volgata
670 2405 720 2458 per
738 2390 837 2450 orbem,

129 2463 247 2526 Atridas,
267 2464 466 2535 Priamumque,
486 2471 514 2520 et
533 2484 642 2519 saevum
661 2465 793 2519 ambobus
814 2465 944 2518 Achillen.

128 2537 263 2606 Constitit,
278 2546 306 2594 et
318 2542 467 2610 lacrimans,
483 2543 549 2606 Quis
562 2544 616 2595 iam
629 2543 709 2608 locus,
724 2541 820 2609 inquit,
835 2541 949 2602 Achate,

128 2614 203 2678 Quae
221 2617 295 2684 regio
313 2619 340 2671 in
359 2620 441 2672 terris
459 2620 545 2672 nostri
563 2636 615 2672 non
634 2618 714 2686 plena
732 2617 848 2670 laborisl
939 2631 976 2669 sto

129 2689 170 2742 lm
189 2690 320 2747 Priamus.
358 2696 428 2748 Sunt
446 2695 489 2748 hic
507 2696 590 2749 etiam
609 2711 658 2748 sua
676 2694 798 2763 praemia
815 2693 904 2755 laudi;

129 2767 198 2819 Sunt
215 2767 341 2824 lacrimae
359 2788 451 2824 rernm
470 2775 499 2824 ct
517 2777 636 2825 mentem
655 2772 782 2824 mortalia
797 2774 920 2837 tangimt.

128 2841 207 2896 Solve
225 2849 330 2909 metus;
347 2848 417 2900 feret
436 2847 502 2900 haec
520 2849 637 2916 aliquam
656 2846 705 2901 tibi
724 2847 795 2900 lama
814 2847 937 2898 salutem.
948 2862 975 2908 2,

123 2917 173 2976 ‚Sic
191 2919 237 2986 ait,
256 2924 339 2991 atque
357 2923 476 2976 animum
495 2924 601 2990 pictura
619 2924 706 2992 pascit
724 2923 804 2988 inani,

129 2993 218 3047 Multa
235 3013 354 3064 gemens,
373 2998 504 3066 largoque
523 2999 661 3053 humectat
680 3000 788 3051 flumine
807 2998 916 3050 voltum.
940 3009 976 3050 sss

89 3074 110 3135 >l
129 3069 255 3139 Namque
273 3073 392 3140 videbat,
410 3075 451 3127 uti
469 3074 602 3128 bellantes
623 3077 754 3142 Pergama
772 3073 872 3126 circum

130 3143 190 3200 Hac
208 3147 335 3216 fugerent
354 3151 436 3215 Graii,
455 3153 593 3218 premeret
612 3151 727 3203 Troiana
745 3150 878 3212 iuventus,

130 3219 190 3277 Hac
209 3221 338 3295 Phryges,
356 3227 473 3281 instaret
491 3241 572 3282 curru
590 3228 717 3282 cristatus
738 3223 865 3280 Achillea
