2174 3502
314 501 344 550 P.
362 501 516 550 VERGILI
533 501 700 552 MARONIS

285 662 751 738 AENEIDOS

344 918 346 922 ¹
379 857 496 910 LlBltlt
519 857 653 911 NONUS.

452 1031 550 1056 -4-

90 1156 189 1216 Arous
207 1175 241 1213 ee
258 1158 366 1212 diversa
382 1159 493 1226 penitus
511 1159 576 1211 dum
593 1163 672 1227 perte
689 1162 829 1227 geruntur,

90 1230 158 1284 Irim
176 1235 212 1289 de
229 1235 304 1289 caelo
322 1235 397 1287 misit
416 1235 544 1288 Saturnia
563 1234 633 1287 Iuno

90 1309 232 1364 Audacem
250 1311 287 1365 ad
305 1311 434 1364 Turnum.
470 1310 543 1364 Luco
561 1313 621 1363 tum
639 1310 711 1363 forte
728 1311 850 1378 parentis

91 1385 210 1438 Pilumni
228 1387 336 1440 Turnus
354 1391 460 1440 secrete
477 1387 547 1440 velle
566 1385 688 1439 sedebat

90 1462 137 1514 Ad
156 1478 238 1529 quem
257 1463 296 1517 sic
314 1479 392 1516 roseo
411 1462 606 1516 Thaumantias
624 1477 672 1514 ore
690 1461 780 1515 locutu
797 1465 855 1515 est:
934 1480 948 1518 s

90 1538 188 1605 Turne,
206 1539 281 1606 quod
299 1539 406 1606 optanti
424 1539 515 1592 divom
532 1538 695 1607 promittere
712 1555 792 1592 nemo

91 1613 225 1681 Auderet,
243 1614 377 1668 volvenda
395 1615 462 1680 dies,
480 1631 522 1681 en,
541 1613 636 1667 attulit
653 1613 732 1667 ultro.

90 1691 206 1756 Aeneas,
225 1690 294 1743 urbe
312 1693 341 1743 et
359 1691 439 1744 sociis
456 1694 486 1745 et
503 1691 590 1744 classe
608 1690 711 1756 relicta,
787 1719 788 1724 =

89 1765 204 1834 Sceptra
223 1767 341 1820 Palatini
360 1767 510 1835 sedemque
528 1766 598 1834 petit
617 1765 744 1818 Euandri.

90 1843 148 1896 Nec
166 1843 245 1897 sutis:
264 1847 402 1897 extremas
420 1843 533 1910 Corythi
551 1842 707 1910 penetravit
724 1841 761 1894 ed
777 1843 870 1910 urbes,
922 1860 947 1897 ιο

90 1919 282 1987 Lydorumque
301 1937 410 1972 manum
428 1919 555 1972 collectos
573 1922 662 1971 armat
680 1919 803 1985 agrestis.

89 1995 162 2059 Quid
174 1995 302 2050 dubit-ssi
316 2013 386 2049 nunc
398 2000 507 2063 tempus
519 2011 612 2062 equos,
626 2011 696 2047 nunc
708 2010 821 2062 poscere
832 2011 942 2050 currus.

89 2073 197 2140 Rumpe
215 2089 305 2126 moras
324 2073 410 2125 omnis
428 2075 457 2125 et
474 2071 587 2125 turbate
604 2072 695 2138 arripe
713 2073 810 2123 cestre.

92 2147 176 2215 Dixit,
195 2148 269 2201 etin
287 2149 392 2202 caelum
410 2146 522 2216 paribus
541 2163 571 2199 se
589 2146 700 2200 sustulit
717 2145 773 2212 alis,

89 2223 290 2291 lugentemque
307 2225 372 2292 fuga
390 2224 476 2278 secuit
495 2222 546 2276 suh
563 2221 682 2275 nubibus
699 2237 799 2274 arcum.
920 2227 946 2266 1¹5

91 2299 232 2366 Adgnovit
250 2301 362 2366 iuvenis,
382 2299 553 2368 duplicisque
571 2297 607 2351 ad
625 2298 716 2350 sideru
732 2297 837 2366 palmes

90 2375 215 2438 Sustulit,
234 2391 265 2427 ac
283 2375 332 2427 tali
349 2376 499 2443 fugientem
518 2377 560 2428 est
578 2389 643 2428 voce
660 2377 782 2428 secutus:

90 2451 136 2517 iri,
155 2451 239 2504 decus
257 2451 332 2518 caeli,
351 2451 413 2519 quis
431 2455 460 2506 te
478 2451 545 2504 mihi
563 2449 681 2503 nubibus
698 2453 788 2503 cetam
1081 2501 1082 2508 ,

89 2527 199 2581 Detulit
216 2527 244 2579 in
262 2529 368 2581 terrast
385 2529 459 2581 unde
476 2527 545 2581 hoec
562 2530 620 2581 tem
637 2525 711 2579 clere
728 2529 842 2594 repente
1076 2533 1083 2641 p

89 2604 266 2672 Tempestesl
284 2605 406 2658 medium
423 2604 503 2658 video
522 2601 663 2656 discedere
680 2602 793 2668 caelum,
918 2616 944 2655 eo

91 2679 268 2748 Palantisque
285 2681 347 2748 polo
366 2679 469 2734 stellas.
506 2679 612 2747 Sequor
630 2678 720 2731 omine
737 2680 822 2745 tenta,

90 2756 218 2824 Quisquis
235 2757 264 2809 in
282 2773 359 2810 erma
376 2774 464 2812 vocas.
501 2757 538 2810 Et
556 2757 594 2809 sic
612 2755 710 2809 effetus
728 2753 765 2807 ed
781 2753 884 2807 undum

90 2831 234 2898 Processit,
252 2849 412 2900 summoque
431 2833 521 2885 hausit
540 2832 574 2884 de
592 2832 702 2898 gurgite
721 2829 852 2898 lymphas,

89 2906 179 2960 Multa
198 2907 264 2959 deos
282 2923 370 2972 orans,
389 2908 567 2973 oneravitque
584 2906 696 2959 aethera
713 2906 791 2959 votis.

123 2981 238 3048 lemque
256 2981 342 3033 omnis
361 2982 464 3049 campis
482 2981 617 3034 exercitus
635 2981 693 3035 ibet
710 2982 821 3050 apertis,
917 2993 941 3032 rs

89 3052 171 3105 Dives
190 3072 299 3121 equum,
319 3056 395 3108 dives
413 3056 496 3122 pictai
514 3056 597 3107 vestis
615 3060 644 3109 et
661 3058 736 3121 euri;

89 3123 231 3192 Messapus
248 3131 350 3197 primes
367 3131 446 3197 acies,
463 3133 600 3196 postrema
618 3136 744 3186 coercent

9 3273 17 3277 „
88 3197 238 3263 Tyrrhidae
255 3205 381 3269 iuvenes3
399 3204 490 3258 medio
508 3203 564 3257 dux
582 3208 691 3274 agmine
709 3207 817 3262 'turnus
