2152 3506
80 172 126 220 122
343 169 524 218 AENEI'DOS
547 170 616 218 LIB.
642 171 680 218 ll.

81 251 135 304 Sed
153 267 197 303 me
214 255 313 317 magna
332 249 413 302 deum
434 250 566 303 Genetrix
586 250 627 304 liis
645 251 754 306 detinet
772 255 836 306 eris.

80 327 194 395 Iamque
211 325 279 392 vale,
298 331 327 380 ct
346 327 402 378 nati
421 343 499 380 serva
517 329 669 381 communis
688 346 817 383 amarem.

81 405 158 458 Haec
169 401 217 456 ubi
230 403 304 456 dicta
316 401 402 468 dedit,
415 402 604 458 lacrimantem
614 407 643 458 et
652 405 740 458 multa
750 404 889 458 volentem
906 419 942 468 rsa

81 483 178 536 Dicere
196 480 325 546 deseruit,
344 479 489 546 tenuisque
507 481 622 534 recessit
639 482 668 534 in
687 497 775 534 auras.

81 560 135 613 Ter
152 561 263 612 cenatus
281 556 318 610 ibi
335 555 404 610 eollo
422 554 488 609 dare
506 555 632 612 bracchia
649 558 764 611 circum:

81 639 134 692 Ter
150 637 253 690 sinistra
270 649 420 702 conprensa
438 649 534 686 manus
553 633 649 702 effugit
667 634 765 702 image,

83 713 137 768 Par
153 713 257 766 levibus
274 712 363 765 ventis
381 710 539 778 volucrique
558 711 694 764 simillima
712 727 813 764 semna.

117 793 159 845 Sic
178 791 287 844 demum
306 788 392 842 socios
409 792 570 855 consumpta
588 792 667 840 nocte
686 787 780 840 reviso.
904 799 940 839 ns

84 870 176 936 Atque
194 867 237 919 liic
256 867 394 934 ingentem
413 865 542 918 comitum
561 863 708 920 adfluxisse
726 878 857 916 noverum

83 945 196 998 invenie
214 942 351 996 admirans
369 959 518 1005 numerum,
536 944 700 1008 matresque,
719 940 852 1006 virosque,

83 1020 230 1074 Collectam
249 1018 343 1072 exsilio
360 1017 468 1086 pubem,
487 1017 641 1072 miserabile
660 1017 760 1084 volgus.

83 1097 211 1166 Undique
229 1112 386 1162 cernenere,
404 1095 501 1148 animis
519 1093 669 1162 opibusque
686 1093 782 1161 parati,

15 1226 23 1237 ,
84 1174 117 1227 In
134 1188 319 1242 quascumque
336 1171 417 1224 velim
435 1171 532 1240 pelago
550 1169 686 1226 deducere
704 1173 799 1224 terras.
899 1181 937 1222 aec

85 1251 198 1318 Iamque
214 1249 286 1317 iugis
303 1263 424 1300 summae
442 1247 572 1315 surgebat
591 1246 698 1300 Lucifer
717 1246 785 1300 Idae

85 1326 265 1394 Ducebatquc
284 1325 365 1392 diem,
384 1324 526 1391 Danaique
544 1323 655 1376 obsessa
672 1321 803 1375 tenebant

85 1402 190 1455 Limina
209 1407 355 1470 partarum,
373 1417 423 1453 nec
441 1416 502 1468 spes
520 1399 578 1468 epis
596 1398 651 1452 ulla
669 1397 801 1464 dabatur;

86 1478 161 1533 Oessi
179 1483 207 1530 et
225 1476 333 1530 sublato
350 1476 451 1531 mentis
467 1477 592 1543 genitore
609 1475 701 1544 petivi.

577 1719 594 1762 9
