<?xml version="1.0" encoding="UTF-8"?>
<!DOCTYPE html PUBLIC "-//W3C//DTD XHTML 1.0 Transitional//EN"
    "http://www.w3.org/TR/xhtml1/DTD/xhtml1-transitional.dtd">
<html xmlns="http://www.w3.org/1999/xhtml" xml:lang="en" lang="en">
 <head>
  <title>
</title>
<meta http-equiv="Content-Type" content="text/html;charset=utf-8" />
  <meta name='ocr-system' content='tesseract 3.04.00' />
  <meta name='ocr-capabilities' content='ocr_page ocr_carea ocr_par ocr_line ocrx_word'/>
</head>
<body>
  <div class='ocr_page' id='page_1' title='image "./operaexrecensio03virggoog_0075.png"; bbox 0 0 2154 3518; ppageno 0'>
   <div class='ocr_carea' id='block_1_1' title="bbox 336 227 945 278">
    <p class='ocr_par' dir='ltr' id='par_1_1' title="bbox 336 227 945 278">
     <span class='ocr_line' id='line_1_1' title="bbox 336 227 945 278; baseline -0.007 0"><span class='ocrx_word' id='word_1_1' title='bbox 336 228 539 278; x_wconf 70' lang='lat' dir='ltr'>anahamon</span> <span class='ocrx_word' id='word_1_2' title='bbox 557 228 627 277; x_wconf 87' lang='lat' dir='ltr'><strong>LIB.</strong></span> <span class='ocrx_word' id='word_1_3' title='bbox 647 227 701 277; x_wconf 90' lang='lat'>111.</span> <span class='ocrx_word' id='word_1_4' title='bbox 916 227 945 275; x_wconf 79' lang='lat'>61</span> 
     </span>
    </p>
   </div>
   <div class='ocr_carea' id='block_1_2' title="bbox 44 310 958 3298">
    <p class='ocr_par' dir='ltr' id='par_1_2' title="bbox 93 310 861 534">
     <span class='ocr_line' id='line_1_2' title="bbox 93 310 805 382; baseline -0.008 -13"><span class='ocrx_word' id='word_1_5' title='bbox 93 315 121 368; x_wconf 89' lang='grc' dir='ltr'>Ν</span> <span class='ocrx_word' id='word_1_6' title='bbox 123 332 158 369; x_wconf 91' lang='lat' dir='ltr'>on</span> <span class='ocrx_word' id='word_1_7' title='bbox 177 329 254 367; x_wconf 87' lang='lat' dir='ltr'>secus</span> <span class='ocrx_word' id='word_1_8' title='bbox 271 329 303 366; x_wconf 90' lang='lat' dir='ltr'>ac</span> <span class='ocrx_word' id='word_1_9' title='bbox 320 311 417 382; x_wconf 90' lang='lat' dir='ltr'>patriis</span> <span class='ocrx_word' id='word_1_10' title='bbox 435 327 498 364; x_wconf 87' lang='lat' dir='ltr'>acer</span> <span class='ocrx_word' id='word_1_11' title='bbox 517 310 656 364; x_wconf 79' lang='lat' dir='ltr'>Romanus</span> <span class='ocrx_word' id='word_1_12' title='bbox 674 311 702 364; x_wconf 91' lang='lat' dir='ltr'>in</span> <span class='ocrx_word' id='word_1_13' title='bbox 721 310 805 364; x_wconf 88' lang='lat' dir='ltr'>armis</span> 
     </span>
     <span class='ocr_line' id='line_1_3' title="bbox 93 387 787 457; baseline -0.006 -13"><span class='ocrx_word' id='word_1_14' title='bbox 93 393 204 445; x_wconf 87' lang='lat' dir='ltr'>iniusto</span> <span class='ocrx_word' id='word_1_15' title='bbox 223 389 274 442; x_wconf 89' lang='lat' dir='ltr'>suh</span> <span class='ocrx_word' id='word_1_16' title='bbox 292 389 365 442; x_wconf 87' lang='lat' dir='ltr'>fasce</span> <span class='ocrx_word' id='word_1_17' title='bbox 384 404 454 440; x_wconf 83' lang='lat' dir='ltr'>viam</span> <span class='ocrx_word' id='word_1_18' title='bbox 473 405 534 440; x_wconf 90' lang='lat' dir='ltr'>cum</span> <span class='ocrx_word' id='word_1_19' title='bbox 553 388 649 457; x_wconf 88' lang='lat' dir='ltr'>carpit,</span> <span class='ocrx_word' id='word_1_20' title='bbox 669 392 698 441; x_wconf 91' lang='lat' dir='ltr'>et</span> <span class='ocrx_word' id='word_1_21' title='bbox 715 387 787 440; x_wconf 92' lang='lat' dir='ltr'>hosti</span> 
     </span>
     <span class='ocr_line' id='line_1_4' title="bbox 93 464 861 534; baseline -0.004 -13"><span class='ocrx_word' id='word_1_22' title='bbox 93 469 172 521; x_wconf 91' lang='lat' dir='ltr'>Ante</span> <span class='ocrx_word' id='word_1_23' title='bbox 190 468 378 534; x_wconf 81' lang='lat' dir='ltr'>exspectatum</span> <span class='ocrx_word' id='word_1_24' title='bbox 398 464 494 532; x_wconf 88' lang='lat' dir='ltr'>positis</span> <span class='ocrx_word' id='word_1_25' title='bbox 512 468 569 518; x_wconf 90' lang='lat' dir='ltr'>stat</span> <span class='ocrx_word' id='word_1_26' title='bbox 586 465 614 518; x_wconf 92' lang='lat' dir='ltr'>in</span> <span class='ocrx_word' id='word_1_27' title='bbox 632 465 740 533; x_wconf 78' lang='lat' dir='ltr'><strong>agmine</strong></span> <span class='ocrx_word' id='word_1_28' title='bbox 757 465 861 519; x_wconf 77' lang='lat' dir='ltr'>castris.</span> 
     </span>
    </p>

    <p class='ocr_par' dir='ltr' id='par_1_3' title="bbox 94 539 948 836">
     <span class='ocr_line' id='line_1_5' title="bbox 133 539 874 610; baseline -0.004 -13"><span class='ocrx_word' id='word_1_29' title='bbox 133 547 172 597; x_wconf 78' lang='lat' dir='ltr'>At</span> <span class='ocrx_word' id='word_1_30' title='bbox 189 559 250 608; x_wconf 89' lang='lat' dir='ltr'>non,</span> <span class='ocrx_word' id='word_1_31' title='bbox 269 559 324 610; x_wconf 90' lang='lat' dir='ltr'>qua</span> <span class='ocrx_word' id='word_1_32' title='bbox 342 541 467 608; x_wconf 77' lang='lat' dir='ltr'>Scythiae</span> <span class='ocrx_word' id='word_1_33' title='bbox 485 544 582 608; x_wconf 85' lang='lat' dir='ltr'>gentes</span> <span class='ocrx_word' id='word_1_34' title='bbox 601 540 775 610; x_wconf 76' lang='lat' dir='ltr'>Maeotiaque</span> <span class='ocrx_word' id='word_1_35' title='bbox 793 539 874 608; x_wconf 83' lang='lat' dir='ltr'>unda,</span> 
     </span>
     <span class='ocr_line' id='line_1_6' title="bbox 94 615 948 685; baseline -0.006 -12"><span class='ocrx_word' id='word_1_36' title='bbox 94 618 232 673; x_wconf 84' lang='lat' dir='ltr'><strong>Turbidus</strong></span> <span class='ocrx_word' id='word_1_37' title='bbox 252 621 282 670; x_wconf 91' lang='lat' dir='ltr'>et</span> <span class='ocrx_word' id='word_1_38' title='bbox 299 621 431 685; x_wconf 90' lang='lat' dir='ltr'>torquens</span> <span class='ocrx_word' id='word_1_39' title='bbox 450 615 575 669; x_wconf 81' lang='lat' dir='ltr'>flaventis</span> <span class='ocrx_word' id='word_1_40' title='bbox 595 617 693 671; x_wconf 82' lang='lat' dir='ltr'>Hister</span> <span class='ocrx_word' id='word_1_41' title='bbox 710 634 814 684; x_wconf 81' lang='lat' dir='ltr'>arenas,</span> <span class='ocrx_word' id='word_1_42' title='bbox 912 632 948 668; x_wconf 81' lang='lat' dir='ltr'>au</span> 
     </span>
     <span class='ocr_line' id='line_1_7' title="bbox 95 693 912 765; baseline -0.005 -15"><span class='ocrx_word' id='word_1_43' title='bbox 95 698 211 765; x_wconf 81' lang='lat' dir='ltr'>Quaque</span> <span class='ocrx_word' id='word_1_44' title='bbox 229 695 303 747; x_wconf 91' lang='lat' dir='ltr'>redit</span> <span class='ocrx_word' id='word_1_45' title='bbox 322 694 442 747; x_wconf 87' lang='lat' dir='ltr'>medium</span> <span class='ocrx_word' id='word_1_46' title='bbox 462 693 595 763; x_wconf 81' lang='lat' dir='ltr'>Rhodope</span> <span class='ocrx_word' id='word_1_47' title='bbox 613 698 739 764; x_wconf 85' lang='lat' dir='ltr'>porrecta</span> <span class='ocrx_word' id='word_1_48' title='bbox 756 694 807 748; x_wconf 90' lang='lat' dir='ltr'>sub</span> <span class='ocrx_word' id='word_1_49' title='bbox 825 711 912 748; x_wconf 79' lang='lat' dir='ltr'>axem.</span> 
     </span>
     <span class='ocr_line' id='line_1_8' title="bbox 96 770 818 836; baseline -0.004 -9"><span class='ocrx_word' id='word_1_50' title='bbox 96 774 158 827; x_wconf 90' lang='lat' dir='ltr'>lliie</span> <span class='ocrx_word' id='word_1_51' title='bbox 176 773 267 825; x_wconf 83' lang='lat' dir='ltr'>clausa</span> <span class='ocrx_word' id='word_1_52' title='bbox 284 774 381 825; x_wconf 89' lang='lat' dir='ltr'>tenent</span> <span class='ocrx_word' id='word_1_53' title='bbox 399 770 514 824; x_wconf 87' lang='lat' dir='ltr'>stabulis</span> <span class='ocrx_word' id='word_1_54' title='bbox 532 775 662 836; x_wconf 76' lang='lat' dir='ltr'>annania,</span> <span class='ocrx_word' id='word_1_55' title='bbox 681 789 730 826; x_wconf 91' lang='lat' dir='ltr'>nee</span> <span class='ocrx_word' id='word_1_56' title='bbox 748 771 818 825; x_wconf 80' lang='lat' dir='ltr'>ull-ao</span> 
     </span>
    </p>

    <p class='ocr_par' dir='ltr' id='par_1_4' title="bbox 44 845 958 3298">
     <span class='ocr_line' id='line_1_9' title="bbox 44 845 857 980; baseline -0.001 -1"><span class='ocrx_word' id='word_1_57' title='bbox 44 845 156 980; x_wconf 63' lang='lat' dir='ltr'>agg</span> <span class='ocrx_word' id='word_1_58' title='bbox 169 847 857 979; x_wconf 60' lang='lat' dir='ltr'>tibitibittttthtbttt&#39;‘¹⁰³²</span> 
     </span>
     <span class='ocr_line' id='line_1_10' title="bbox 117 944 289 992; baseline 0 0"><span class='ocrx_word' id='word_1_59' title='bbox 117 944 132 979; x_wconf 78' lang='lat' dir='ltr'><strong>e</strong></span> <span class='ocrx_word' id='word_1_60' title='bbox 274 971 289 992; x_wconf 72' lang='grc' dir='ltr'><strong>Ο</strong></span> 
     </span>
     <span class='ocr_line' id='line_1_11' title="bbox 95 943 948 1070; baseline -0.005 -15"><span class='ocrx_word' id='word_1_61' title='bbox 95 1001 181 1055; x_wconf 80' lang='lat' dir='ltr'>Tarm</span> <span class='ocrx_word' id='word_1_62' title='bbox 198 1000 261 1068; x_wconf 88' lang='lat' dir='ltr'>gelu</span> <span class='ocrx_word' id='word_1_63' title='bbox 280 943 343 1067; x_wconf 45' lang='lat' dir='ltr'>ligre,</span> <span class='ocrx_word' id='word_1_64' title='bbox 362 1005 523 1070; x_wconf 87' lang='lat' dir='ltr'>septemque</span> <span class='ocrx_word' id='word_1_65' title='bbox 541 1001 665 1070; x_wconf 79' lang='lat' dir='ltr'>adsurgit</span> <span class='ocrx_word' id='word_1_66' title='bbox 682 1003 710 1055; x_wconf 90' lang='lat' dir='ltr'>in</span> <span class='ocrx_word' id='word_1_67' title='bbox 729 1000 814 1056; x_wconf 90' lang='lat' dir='ltr'>ulnas.</span> <span class='ocrx_word' id='word_1_68' title='bbox 913 1015 948 1052; x_wconf 77' lang='lat' dir='ltr'>am</span> 
     </span>
     <span class='ocr_line' id='line_1_12' title="bbox 96 1077 840 1146; baseline -0.003 -14"><span class='ocrx_word' id='word_1_69' title='bbox 96 1078 211 1146; x_wconf 82' lang='lat' dir='ltr'>Semper</span> <span class='ocrx_word' id='word_1_70' title='bbox 229 1078 341 1146; x_wconf 82' lang='lat' dir='ltr'>hiemps,</span> <span class='ocrx_word' id='word_1_71' title='bbox 361 1095 469 1145; x_wconf 90' lang='lat' dir='ltr'>semper</span> <span class='ocrx_word' id='word_1_72' title='bbox 487 1079 622 1145; x_wconf 83' lang='lat' dir='ltr'>spirantes</span> <span class='ocrx_word' id='word_1_73' title='bbox 640 1078 741 1146; x_wconf 77' lang='lat' dir='ltr'>frigora</span> <span class='ocrx_word' id='word_1_74' title='bbox 758 1077 840 1132; x_wconf 86' lang='lat' dir='ltr'>cauri.</span> 
     </span>
     <span class='ocr_line' id='line_1_13' title="bbox 47 1153 872 1224; baseline -0.002 -16"><span class='ocrx_word' id='word_1_75' title='bbox 47 1165 84 1224; x_wconf 64' lang='lat'>18</span> <span class='ocrx_word' id='word_1_76' title='bbox 96 1155 165 1208; x_wconf 87' lang='lat' dir='ltr'>Tum</span> <span class='ocrx_word' id='word_1_77' title='bbox 185 1154 223 1208; x_wconf 85' lang='lat' dir='ltr'>sol</span> <span class='ocrx_word' id='word_1_78' title='bbox 242 1155 368 1222; x_wconf 88' lang='lat' dir='ltr'>pallentis</span> <span class='ocrx_word' id='word_1_79' title='bbox 386 1154 458 1207; x_wconf 87' lang='lat' dir='ltr'>haud</span> <span class='ocrx_word' id='word_1_80' title='bbox 477 1171 605 1222; x_wconf 89' lang='lat' dir='ltr'>umquam</span> <span class='ocrx_word' id='word_1_81' title='bbox 625 1153 738 1208; x_wconf 85' lang='lat' dir='ltr'>discutit</span> <span class='ocrx_word' id='word_1_82' title='bbox 755 1153 872 1220; x_wconf 83' lang='lat' dir='ltr'>umbras,</span> 
     </span>
     <span class='ocr_line' id='line_1_14' title="bbox 96 1230 946 1298; baseline -0.006 -14"><span class='ocrx_word' id='word_1_83' title='bbox 96 1231 121 1284; x_wconf 88' lang='lat' dir='ltr'>N</span> <span class='ocrx_word' id='word_1_84' title='bbox 125 1247 156 1284; x_wconf 90' lang='lat' dir='ltr'>ec</span> <span class='ocrx_word' id='word_1_85' title='bbox 174 1248 235 1284; x_wconf 89' lang='lat' dir='ltr'>curn</span> <span class='ocrx_word' id='word_1_86' title='bbox 252 1231 376 1284; x_wconf 87' lang='lat' dir='ltr'>invectus</span> <span class='ocrx_word' id='word_1_87' title='bbox 394 1231 472 1298; x_wconf 90' lang='lat' dir='ltr'>cquis</span> <span class='ocrx_word' id='word_1_88' title='bbox 490 1230 574 1283; x_wconf 89' lang='lat' dir='ltr'>altum</span> <span class='ocrx_word' id='word_1_89' title='bbox 594 1232 664 1298; x_wconf 87' lang='lat' dir='ltr'>petit</span> <span class='ocrx_word' id='word_1_90' title='bbox 682 1231 800 1296; x_wconf 84' lang='lat' dir='ltr'>aethera,</span> <span class='ocrx_word' id='word_1_91' title='bbox 819 1246 869 1283; x_wconf 90' lang='lat' dir='ltr'>nec</span> <span class='ocrx_word' id='word_1_92' title='bbox 886 1245 946 1281; x_wconf 89' lang='lat' dir='ltr'>cnm</span> 
     </span>
     <span class='ocr_line' id='line_1_15' title="bbox 97 1306 854 1375; baseline -0.001 -16"><span class='ocrx_word' id='word_1_93' title='bbox 97 1306 280 1375; x_wconf 86' lang='lat' dir='ltr'>Praecipitem</span> <span class='ocrx_word' id='word_1_94' title='bbox 299 1307 400 1361; x_wconf 85' lang='lat' dir='ltr'>Oceani</span> <span class='ocrx_word' id='word_1_95' title='bbox 418 1307 500 1359; x_wconf 90' lang='lat' dir='ltr'>rubro</span> <span class='ocrx_word' id='word_1_96' title='bbox 519 1306 585 1359; x_wconf 80' lang='lat' dir='ltr'>lavit</span> <span class='ocrx_word' id='word_1_97' title='bbox 603 1323 720 1374; x_wconf 85' lang='lat' dir='ltr'>aequore</span> <span class='ocrx_word' id='word_1_98' title='bbox 738 1323 854 1359; x_wconf 89' lang='lat' dir='ltr'>currum.</span> 
     </span>
     <span class='ocr_line' id='line_1_16' title="bbox 97 1383 949 1449; baseline -0.004 -12"><span class='ocrx_word' id='word_1_99' title='bbox 97 1383 282 1437; x_wconf 84' lang='lat' dir='ltr'>Concrescunt</span> <span class='ocrx_word' id='word_1_100' title='bbox 300 1383 407 1436; x_wconf 86' lang='lat' dir='ltr'>subitae</span> <span class='ocrx_word' id='word_1_101' title='bbox 426 1384 546 1436; x_wconf 90' lang='lat' dir='ltr'>currenti</span> <span class='ocrx_word' id='word_1_102' title='bbox 565 1383 592 1436; x_wconf 89' lang='lat' dir='ltr'>in</span> <span class='ocrx_word' id='word_1_103' title='bbox 612 1383 722 1436; x_wconf 85' lang='lat' dir='ltr'>flumine</span> <span class='ocrx_word' id='word_1_104' title='bbox 740 1387 855 1449; x_wconf 87' lang='lat' dir='ltr'>crustae,</span> <span class='ocrx_word' id='word_1_105' title='bbox 914 1397 949 1436; x_wconf 82' lang='lat' dir='ltr'>sm</span> 
     </span>
     <span class='ocr_line' id='line_1_17' title="bbox 96 1459 775 1528; baseline -0.001 -14"><span class='ocrx_word' id='word_1_106' title='bbox 96 1459 234 1527; x_wconf 86' lang='lat' dir='ltr'>Undaque</span> <span class='ocrx_word' id='word_1_107' title='bbox 252 1460 306 1512; x_wconf 90' lang='lat' dir='ltr'>iam</span> <span class='ocrx_word' id='word_1_108' title='bbox 323 1463 403 1526; x_wconf 86' lang='lat' dir='ltr'>tergo</span> <span class='ocrx_word' id='word_1_109' title='bbox 421 1460 538 1512; x_wconf 81' lang='lat' dir='ltr'>serratos</span> <span class='ocrx_word' id='word_1_110' title='bbox 557 1461 674 1513; x_wconf 81' lang='lat' dir='ltr'>sustinet</span> <span class='ocrx_word' id='word_1_111' title='bbox 693 1460 775 1528; x_wconf 88' lang='lat' dir='ltr'>orbis,</span> 
     </span>
     <span class='ocr_line' id='line_1_18' title="bbox 97 1535 897 1606; baseline -0.001 -16"><span class='ocrx_word' id='word_1_112' title='bbox 97 1536 239 1605; x_wconf 89' lang='lat' dir='ltr'>Puppibus</span> <span class='ocrx_word' id='word_1_113' title='bbox 257 1535 305 1589; x_wconf 88' lang='lat' dir='ltr'>illa</span> <span class='ocrx_word' id='word_1_114' title='bbox 322 1535 403 1604; x_wconf 87' lang='lat' dir='ltr'>prius,</span> <span class='ocrx_word' id='word_1_115' title='bbox 421 1535 522 1603; x_wconf 85' lang='lat' dir='ltr'>patulis</span> <span class='ocrx_word' id='word_1_116' title='bbox 539 1553 610 1590; x_wconf 90' lang='lat' dir='ltr'>nunc</span> <span class='ocrx_word' id='word_1_117' title='bbox 628 1537 736 1606; x_wconf 86' lang='lat' dir='ltr'>hospita</span> <span class='ocrx_word' id='word_1_118' title='bbox 753 1536 897 1606; x_wconf 88' lang='lat' dir='ltr'>plaustris;</span> 
     </span>
     <span class='ocr_line' id='line_1_19' title="bbox 98 1611 806 1682; baseline 0.001 -15"><span class='ocrx_word' id='word_1_119' title='bbox 98 1615 227 1682; x_wconf 82' lang='lat' dir='ltr'>Aeraque</span> <span class='ocrx_word' id='word_1_120' title='bbox 245 1612 383 1666; x_wconf 90' lang='lat' dir='ltr'>dissiliunt</span> <span class='ocrx_word' id='word_1_121' title='bbox 400 1611 485 1680; x_wconf 88' lang='lat' dir='ltr'>volgo,</span> <span class='ocrx_word' id='word_1_122' title='bbox 504 1615 650 1682; x_wconf 86' lang='lat' dir='ltr'>vestesque</span> <span class='ocrx_word' id='word_1_123' title='bbox 669 1615 806 1682; x_wconf 84' lang='lat' dir='ltr'>rigescunt</span> 
     </span>
     <span class='ocr_line' id='line_1_20' title="bbox 99 1688 792 1758; baseline 0 -16"><span class='ocrx_word' id='word_1_124' title='bbox 99 1689 225 1756; x_wconf 85' lang='lat' dir='ltr'>indutae,</span> <span class='ocrx_word' id='word_1_125' title='bbox 244 1689 418 1756; x_wconf 87' lang='lat' dir='ltr'>caeduntque</span> <span class='ocrx_word' id='word_1_126' title='bbox 436 1688 574 1742; x_wconf 88' lang='lat' dir='ltr'>securibus</span> <span class='ocrx_word' id='word_1_127' title='bbox 592 1689 705 1743; x_wconf 90' lang='lat' dir='ltr'>humida</span> <span class='ocrx_word' id='word_1_128' title='bbox 723 1690 792 1758; x_wconf 88' lang='lat' dir='ltr'>vina,</span> 
     </span>
     <span class='ocr_line' id='line_1_21' title="bbox 99 1765 951 1832; baseline -0.001 -13"><span class='ocrx_word' id='word_1_129' title='bbox 99 1767 135 1820; x_wconf 79' lang='lat' dir='ltr'>ut</span> <span class='ocrx_word' id='word_1_130' title='bbox 152 1770 228 1820; x_wconf 88' lang='lat' dir='ltr'>totae</span> <span class='ocrx_word' id='word_1_131' title='bbox 246 1767 360 1821; x_wconf 89' lang='lat' dir='ltr'>solidam</span> <span class='ocrx_word' id='word_1_132' title='bbox 379 1765 406 1817; x_wconf 92' lang='lat' dir='ltr'>in</span> <span class='ocrx_word' id='word_1_133' title='bbox 424 1765 538 1832; x_wconf 81' lang='lat' dir='ltr'>glaciem</span> <span class='ocrx_word' id='word_1_134' title='bbox 558 1770 667 1820; x_wconf 84' lang='lat' dir='ltr'>vertere</span> <span class='ocrx_word' id='word_1_135' title='bbox 686 1767 798 1820; x_wconf 86' lang='lat' dir='ltr'>lacunae</span> <span class='ocrx_word' id='word_1_136' title='bbox 915 1779 951 1818; x_wconf 78' lang='lat' dir='ltr'>sce</span> 
     </span>
     <span class='ocr_line' id='line_1_22' title="bbox 99 1839 742 1914; baseline -0.003 -18"><span class='ocrx_word' id='word_1_137' title='bbox 99 1839 235 1914; x_wconf 60' lang='lat' dir='ltr'>Stipiaque</span> <span class='ocrx_word' id='word_1_138' title='bbox 251 1843 357 1911; x_wconf 83' lang='lat' dir='ltr'>inpexis</span> <span class='ocrx_word' id='word_1_139' title='bbox 375 1841 497 1894; x_wconf 84' lang='lat' dir='ltr'>induruit</span> <span class='ocrx_word' id='word_1_140' title='bbox 515 1842 626 1896; x_wconf 87' lang='lat' dir='ltr'>horrida</span> <span class='ocrx_word' id='word_1_141' title='bbox 644 1841 742 1895; x_wconf 86' lang='lat' dir='ltr'>barbis.</span> 
     </span>
     <span class='ocr_line' id='line_1_23' title="bbox 100 1919 683 1987; baseline 0.002 -15"><span class='ocrx_word' id='word_1_142' title='bbox 100 1920 211 1974; x_wconf 89' lang='lat' dir='ltr'>Interea</span> <span class='ocrx_word' id='word_1_143' title='bbox 228 1924 287 1973; x_wconf 90' lang='lat' dir='ltr'>toto</span> <span class='ocrx_word' id='word_1_144' title='bbox 305 1935 358 1971; x_wconf 89' lang='lat' dir='ltr'>non</span> <span class='ocrx_word' id='word_1_145' title='bbox 377 1919 463 1971; x_wconf 88' lang='lat' dir='ltr'>setius</span> <span class='ocrx_word' id='word_1_146' title='bbox 481 1936 544 1972; x_wconf 89' lang='lat' dir='ltr'>aere</span> <span class='ocrx_word' id='word_1_147' title='bbox 563 1920 683 1987; x_wconf 80' lang='lat' dir='ltr'>ninguit:</span> 
     </span>
     <span class='ocr_line' id='line_1_24' title="bbox 100 1996 786 2066; baseline -0.001 -16"><span class='ocrx_word' id='word_1_148' title='bbox 100 1998 245 2052; x_wconf 86' lang='lat' dir='ltr'>intereunt</span> <span class='ocrx_word' id='word_1_149' title='bbox 262 1996 388 2066; x_wconf 89' lang='lat' dir='ltr'>pecudes,</span> <span class='ocrx_word' id='word_1_150' title='bbox 408 1999 483 2048; x_wconf 88' lang='lat' dir='ltr'>stant</span> <span class='ocrx_word' id='word_1_151' title='bbox 502 1997 664 2050; x_wconf 83' lang='lat' dir='ltr'>circumfusa</span> <span class='ocrx_word' id='word_1_152' title='bbox 682 1997 786 2064; x_wconf 89' lang='lat' dir='ltr'>pruinis</span> 
     </span>
     <span class='ocr_line' id='line_1_25' title="bbox 100 2072 847 2144; baseline -0.007 -15"><span class='ocrx_word' id='word_1_153' title='bbox 100 2075 218 2144; x_wconf 82' lang='lat' dir='ltr'>Corpora</span> <span class='ocrx_word' id='word_1_154' title='bbox 235 2091 334 2140; x_wconf 84' lang='lat' dir='ltr'>magna</span> <span class='ocrx_word' id='word_1_155' title='bbox 350 2073 440 2138; x_wconf 87' lang='lat' dir='ltr'>bourn,</span> <span class='ocrx_word' id='word_1_156' title='bbox 457 2072 633 2141; x_wconf 81' lang='lat' dir='ltr'>confertoque</span> <span class='ocrx_word' id='word_1_157' title='bbox 650 2074 756 2141; x_wconf 87' lang='lat' dir='ltr'>agmine</span> <span class='ocrx_word' id='word_1_158' title='bbox 774 2072 847 2125; x_wconf 83' lang='lat' dir='ltr'>cervi</span> 
     </span>
     <span class='ocr_line' id='line_1_26' title="bbox 100 2149 952 2220; baseline -0.009 -15"><span class='ocrx_word' id='word_1_159' title='bbox 100 2152 218 2220; x_wconf 87' lang='lat' dir='ltr'>Torpent</span> <span class='ocrx_word' id='word_1_160' title='bbox 230 2151 301 2203; x_wconf 87' lang='lat' dir='ltr'>mole</span> <span class='ocrx_word' id='word_1_161' title='bbox 313 2165 382 2202; x_wconf 81' lang='lat' dir='ltr'>nova</span> <span class='ocrx_word' id='word_1_162' title='bbox 394 2153 423 2202; x_wconf 91' lang='lat' dir='ltr'>et</span> <span class='ocrx_word' id='word_1_163' title='bbox 435 2149 548 2201; x_wconf 87' lang='lat' dir='ltr'>summis</span> <span class='ocrx_word' id='word_1_164' title='bbox 560 2149 605 2202; x_wconf 82' lang='lat' dir='ltr'>vix</span> <span class='ocrx_word' id='word_1_165' title='bbox 618 2149 743 2203; x_wconf 90' lang='lat' dir='ltr'>cornibus</span> <span class='ocrx_word' id='word_1_166' title='bbox 756 2151 872 2202; x_wconf 84' lang='lat' dir='ltr'>exstant.</span> <span class='ocrx_word' id='word_1_167' title='bbox 916 2161 952 2201; x_wconf 81' lang='lat' dir='ltr'>aro</span> 
     </span>
     <span class='ocr_line' id='line_1_27' title="bbox 101 2225 792 2293; baseline 0 -13"><span class='ocrx_word' id='word_1_168' title='bbox 101 2228 160 2281; x_wconf 90' lang='lat' dir='ltr'>Hos</span> <span class='ocrx_word' id='word_1_169' title='bbox 177 2245 231 2281; x_wconf 91' lang='lat' dir='ltr'>non</span> <span class='ocrx_word' id='word_1_170' title='bbox 249 2225 366 2280; x_wconf 87' lang='lat' dir='ltr'>inmissis</span> <span class='ocrx_word' id='word_1_171' title='bbox 385 2226 502 2293; x_wconf 88' lang='lat' dir='ltr'>canibus,</span> <span class='ocrx_word' id='word_1_172' title='bbox 521 2243 574 2279; x_wconf 90' lang='lat' dir='ltr'>non</span> <span class='ocrx_word' id='word_1_173' title='bbox 592 2226 713 2281; x_wconf 84' lang='lat' dir='ltr'>cassibus</span> <span class='ocrx_word' id='word_1_174' title='bbox 731 2226 792 2280; x_wconf 90' lang='lat' dir='ltr'>ullis</span> 
     </span>
     <span class='ocr_line' id='line_1_28' title="bbox 102 2302 812 2372; baseline -0.001 -15"><span class='ocrx_word' id='word_1_175' title='bbox 102 2304 268 2358; x_wconf 84' lang='lat' dir='ltr'>Puniceaeve</span> <span class='ocrx_word' id='word_1_176' title='bbox 285 2303 391 2370; x_wconf 85' lang='lat' dir='ltr'>agitant</span> <span class='ocrx_word' id='word_1_177' title='bbox 409 2302 521 2372; x_wconf 85' lang='lat' dir='ltr'>pavidos</span> <span class='ocrx_word' id='word_1_178' title='bbox 538 2303 683 2357; x_wconf 86' lang='lat' dir='ltr'>formidine</span> <span class='ocrx_word' id='word_1_179' title='bbox 701 2319 812 2372; x_wconf 91' lang='lat' dir='ltr'>pennae,</span> 
     </span>
     <span class='ocr_line' id='line_1_29' title="bbox 101 2380 875 2451; baseline -0.008 -16"><span class='ocrx_word' id='word_1_180' title='bbox 101 2380 156 2435; x_wconf 84' lang='lat' dir='ltr'>Sed</span> <span class='ocrx_word' id='word_1_181' title='bbox 171 2381 275 2435; x_wconf 85' lang='lat' dir='ltr'>frustra</span> <span class='ocrx_word' id='word_1_182' title='bbox 293 2380 446 2449; x_wconf 86' lang='lat' dir='ltr'>oppositum</span> <span class='ocrx_word' id='word_1_183' title='bbox 466 2380 605 2434; x_wconf 88' lang='lat' dir='ltr'>trudentis</span> <span class='ocrx_word' id='word_1_184' title='bbox 624 2384 736 2451; x_wconf 89' lang='lat' dir='ltr'>pectore</span> <span class='ocrx_word' id='word_1_185' title='bbox 754 2383 875 2433; x_wconf 90' lang='lat' dir='ltr'>montem</span> 
     </span>
     <span class='ocr_line' id='line_1_30' title="bbox 102 2455 875 2528; baseline -0.006 -16"><span class='ocrx_word' id='word_1_186' title='bbox 102 2457 256 2512; x_wconf 81' lang='lat' dir='ltr'>Comminus</span> <span class='ocrx_word' id='word_1_187' title='bbox 274 2457 439 2511; x_wconf 87' lang='lat' dir='ltr'>obtruncant</span> <span class='ocrx_word' id='word_1_188' title='bbox 456 2458 535 2528; x_wconf 70' lang='lat' dir='ltr'>ferri),</span> <span class='ocrx_word' id='word_1_189' title='bbox 554 2459 731 2527; x_wconf 79' lang='lat' dir='ltr'>graviterque</span> <span class='ocrx_word' id='word_1_190' title='bbox 749 2455 875 2510; x_wconf 88' lang='lat' dir='ltr'>rudentis</span> 
     </span>
     <span class='ocr_line' id='line_1_31' title="bbox 103 2534 954 2604; baseline -0.005 -16"><span class='ocrx_word' id='word_1_191' title='bbox 103 2534 233 2603; x_wconf 78' lang='lat' dir='ltr'>Caedunt,</span> <span class='ocrx_word' id='word_1_192' title='bbox 251 2541 280 2589; x_wconf 91' lang='lat' dir='ltr'>et</span> <span class='ocrx_word' id='word_1_193' title='bbox 297 2553 396 2604; x_wconf 86' lang='lat' dir='ltr'>magno</span> <span class='ocrx_word' id='word_1_194' title='bbox 413 2536 478 2590; x_wconf 87' lang='lat' dir='ltr'>laeti</span> <span class='ocrx_word' id='word_1_195' title='bbox 498 2537 615 2590; x_wconf 88' lang='lat' dir='ltr'>clamore</span> <span class='ocrx_word' id='word_1_196' title='bbox 633 2537 783 2604; x_wconf 90' lang='lat' dir='ltr'>reportant.</span> <span class='ocrx_word' id='word_1_197' title='bbox 918 2545 954 2584; x_wconf 74' lang='lat'>³75</span> 
     </span>
     <span class='ocr_line' id='line_1_32' title="bbox 105 2611 749 2682; baseline -0.002 -18"><span class='ocrx_word' id='word_1_198' title='bbox 105 2612 160 2681; x_wconf 87' lang='lat' dir='ltr'>Ipsi</span> <span class='ocrx_word' id='word_1_199' title='bbox 177 2615 206 2666; x_wconf 94' lang='lat' dir='ltr'>in</span> <span class='ocrx_word' id='word_1_200' title='bbox 224 2612 339 2666; x_wconf 84' lang='lat' dir='ltr'>defossis</span> <span class='ocrx_word' id='word_1_201' title='bbox 357 2614 491 2682; x_wconf 76' lang='lat' dir='ltr'>spoeubus</span> <span class='ocrx_word' id='word_1_202' title='bbox 511 2630 606 2667; x_wconf 88' lang='lat' dir='ltr'>secura</span> <span class='ocrx_word' id='word_1_203' title='bbox 624 2612 675 2665; x_wconf 89' lang='lat' dir='ltr'>suh</span> <span class='ocrx_word' id='word_1_204' title='bbox 693 2611 749 2664; x_wconf 89' lang='lat' dir='ltr'>alta</span> 
     </span>
     <span class='ocr_line' id='line_1_33' title="bbox 104 2690 838 2760; baseline -0.003 -19"><span class='ocrx_word' id='word_1_205' title='bbox 104 2690 166 2743; x_wconf 81' lang='lat' dir='ltr'>Otia</span> <span class='ocrx_word' id='word_1_206' title='bbox 183 2695 267 2759; x_wconf 85' lang='lat' dir='ltr'>agunt</span> <span class='ocrx_word' id='word_1_207' title='bbox 285 2695 367 2757; x_wconf 80' lang='lat' dir='ltr'>terra,</span> <span class='ocrx_word' id='word_1_208' title='bbox 386 2697 572 2760; x_wconf 87' lang='lat' dir='ltr'>congestaque</span> <span class='ocrx_word' id='word_1_209' title='bbox 592 2690 691 2743; x_wconf 89' lang='lat' dir='ltr'>robora</span> <span class='ocrx_word' id='word_1_210' title='bbox 710 2690 838 2756; x_wconf 89' lang='lat' dir='ltr'>totasque</span> 
     </span>
     <span class='ocr_line' id='line_1_34' title="bbox 105 2766 705 2838; baseline 0.002 -18"><span class='ocrx_word' id='word_1_211' title='bbox 105 2767 257 2822; x_wconf 81' lang='lat' dir='ltr'>Advolvere</span> <span class='ocrx_word' id='word_1_212' title='bbox 274 2769 341 2822; x_wconf 73' lang='lat' dir='ltr'>facin</span> <span class='ocrx_word' id='word_1_213' title='bbox 359 2770 445 2823; x_wconf 91' lang='lat' dir='ltr'>ulmos</span> <span class='ocrx_word' id='word_1_214' title='bbox 465 2769 576 2838; x_wconf 79' lang='lat' dir='ltr'>ignique</span> <span class='ocrx_word' id='word_1_215' title='bbox 595 2766 705 2821; x_wconf 87' lang='lat' dir='ltr'>dedere.</span> 
     </span>
     <span class='ocr_line' id='line_1_35' title="bbox 69 2841 946 2916; baseline 0 -21"><span class='ocrx_word' id='word_1_216' title='bbox 69 2857 80 2905; x_wconf 76' lang='grc' dir='ltr'><em>Ι</em></span> <span class='ocrx_word' id='word_1_217' title='bbox 106 2841 158 2896; x_wconf 81' lang='lat' dir='ltr'>ilic</span> <span class='ocrx_word' id='word_1_218' title='bbox 174 2849 282 2899; x_wconf 88' lang='lat' dir='ltr'>noctem</span> <span class='ocrx_word' id='word_1_219' title='bbox 300 2846 364 2899; x_wconf 90' lang='lat' dir='ltr'>ludo</span> <span class='ocrx_word' id='word_1_220' title='bbox 383 2849 494 2915; x_wconf 89' lang='lat' dir='ltr'>ducunt,</span> <span class='ocrx_word' id='word_1_221' title='bbox 514 2852 543 2900; x_wconf 89' lang='lat' dir='ltr'>et</span> <span class='ocrx_word' id='word_1_222' title='bbox 563 2843 661 2916; x_wconf 86' lang='lat' dir='ltr'>pocula</span> <span class='ocrx_word' id='word_1_223' title='bbox 678 2841 745 2896; x_wconf 89' lang='lat' dir='ltr'>laeti</span> <span class='ocrx_word' id='word_1_224' title='bbox 943 2905 946 2913; x_wconf 28' lang='lat'>,</span> 
     </span>
     <span class='ocr_line' id='line_1_36' title="bbox 81 2864 958 2995; baseline -0.008 -22"><span class='ocrx_word' id='word_1_225' title='bbox 81 2864 250 2979; x_wconf 64' lang='lat' dir='ltr'>inermem</span> <span class='ocrx_word' id='word_1_226' title='bbox 268 2928 352 2992; x_wconf 90' lang='lat' dir='ltr'>atque</span> <span class='ocrx_word' id='word_1_227' title='bbox 370 2925 455 2978; x_wconf 85' lang='lat' dir='ltr'>acidis</span> <span class='ocrx_word' id='word_1_228' title='bbox 473 2913 619 2995; x_wconf 76' lang='lat' dir='ltr'>imitantur</span> <span class='ocrx_word' id='word_1_229' title='bbox 634 2919 706 2973; x_wconf 83' lang='lat' dir='ltr'>vitea</span> <span class='ocrx_word' id='word_1_230' title='bbox 724 2916 820 2972; x_wconf 90' lang='lat' dir='ltr'>sorbis.</span> <span class='ocrx_word' id='word_1_231' title='bbox 920 2927 958 2966; x_wconf 80' lang='lat' dir='ltr'>sse</span> 
     </span>
     <span class='ocr_line' id='line_1_37' title="bbox 107 2994 748 3070; baseline -0.005 -21"><span class='ocrx_word' id='word_1_232' title='bbox 107 2997 176 3052; x_wconf 86' lang='lat' dir='ltr'>Talis</span> <span class='ocrx_word' id='word_1_233' title='bbox 196 2999 375 3069; x_wconf 82' lang='lat' dir='ltr'>Hyperboreo</span> <span class='ocrx_word' id='word_1_234' title='bbox 394 3003 505 3070; x_wconf 86' lang='lat' dir='ltr'>Septem</span> <span class='ocrx_word' id='word_1_235' title='bbox 525 3001 649 3054; x_wconf 90' lang='lat' dir='ltr'>subiecta</span> <span class='ocrx_word' id='word_1_236' title='bbox 666 2994 748 3049; x_wconf 90' lang='lat' dir='ltr'>trioni</span> 
     </span>
     <span class='ocr_line' id='line_1_38' title="bbox 108 3067 789 3148; baseline -0.004 -22"><span class='ocrx_word' id='word_1_237' title='bbox 108 3073 179 3127; x_wconf 88' lang='lat' dir='ltr'>Ceus</span> <span class='ocrx_word' id='word_1_238' title='bbox 195 3067 403 3130; x_wconf 68' lang='lat' dir='ltr'>effrena‘virum</span> <span class='ocrx_word' id='word_1_239' title='bbox 422 3079 545 3148; x_wconf 85' lang='lat' dir='ltr'>Rhipaeo</span> <span class='ocrx_word' id='word_1_240' title='bbox 564 3076 691 3130; x_wconf 89' lang='lat' dir='ltr'>tunditur</span> <span class='ocrx_word' id='word_1_241' title='bbox 709 3073 789 3134; x_wconf 82' lang='lat' dir='ltr'>Euro,</span> 
     </span>
     <span class='ocr_line' id='line_1_39' title="bbox 109 3149 758 3224; baseline -0.006 -21"><span class='ocrx_word' id='word_1_242' title='bbox 109 3149 142 3203; x_wconf 80' lang='lat' dir='ltr'>m</span> <span class='ocrx_word' id='word_1_243' title='bbox 158 3152 294 3224; x_wconf 83' lang='lat' dir='ltr'>pecudum</span> <span class='ocrx_word' id='word_1_244' title='bbox 312 3155 393 3208; x_wconf 83' lang='lat' dir='ltr'>frrivis</span> <span class='ocrx_word' id='word_1_245' title='bbox 411 3156 518 3208; x_wconf 86' lang='lat' dir='ltr'>velatur</span> <span class='ocrx_word' id='word_1_246' title='bbox 536 3171 650 3221; x_wconf 88' lang='lat' dir='ltr'>corpora</span> <span class='ocrx_word' id='word_1_247' title='bbox 668 3149 758 3204; x_wconf 89' lang='lat' dir='ltr'>saetis.</span> 
     </span>
     <span class='ocr_line' id='line_1_40' title="bbox 141 3223 834 3298; baseline -0.009 -17"><span class='ocrx_word' id='word_1_248' title='bbox 141 3228 169 3282; x_wconf 82' lang='lat' dir='ltr'>si</span> <span class='ocrx_word' id='word_1_249' title='bbox 187 3229 239 3283; x_wconf 89' lang='lat' dir='ltr'>tibi</span> <span class='ocrx_word' id='word_1_250' title='bbox 256 3230 381 3284; x_wconf 88' lang='lat' dir='ltr'>lanitium</span> <span class='ocrx_word' id='word_1_251' title='bbox 400 3248 488 3294; x_wconf 86' lang='lat' dir='ltr'>curae,</span> <span class='ocrx_word' id='word_1_252' title='bbox 507 3231 624 3298; x_wconf 90' lang='lat' dir='ltr'>primum</span> <span class='ocrx_word' id='word_1_253' title='bbox 643 3242 740 3296; x_wconf 87' lang='lat' dir='ltr'>aspera</span> <span class='ocrx_word' id='word_1_254' title='bbox 758 3223 834 3288; x_wconf 80' lang='lat' dir='ltr'>silva,</span> 
     </span>
    </p>
   </div>
   <div class='ocr_carea' id='block_1_3' title="bbox 109 3299 1037 3398">
    <p class='ocr_par' dir='ltr' id='par_1_5' title="bbox 109 3299 1037 3398">
     <span class='ocr_line' id='line_1_41' title="bbox 109 3299 1037 3398; baseline -0.01 -41"><span class='ocrx_word' id='word_1_255' title='bbox 109 3303 272 3390; x_wconf 55' lang='lat' dir='ltr'>Lappaeque</span> <span class='ocrx_word' id='word_1_256' title='bbox 290 3306 445 3398; x_wconf 55' lang='lat' dir='ltr'>tribulique,</span> <span class='ocrx_word' id='word_1_257' title='bbox 463 3306 569 3369; x_wconf 87' lang='lat' dir='ltr'>absint;</span> <span class='ocrx_word' id='word_1_258' title='bbox 585 3304 650 3372; x_wconf 82' lang='lat' dir='ltr'>iuge</span> <span class='ocrx_word' id='word_1_259' title='bbox 667 3299 768 3371; x_wconf 84' lang='lat' dir='ltr'>pabula</span> <span class='ocrx_word' id='word_1_260' title='bbox 784 3299 872 3359; x_wconf 81' lang='lat' dir='ltr'>laeta;</span> <span class='ocrx_word' id='word_1_261' title='bbox 923 3303 959 3339; x_wconf 78' lang='lat'>⁸⁸⁵</span> <span class='ocrx_word' id='word_1_262' title='bbox 1034 3386 1037 3390; x_wconf 13' lang='grc' dir='ltr'><strong><em>ὴ</em></strong></span> 
     </span>
    </p>
   </div>
   <div class='ocr_carea' id='block_1_4' title="bbox 0 0 1099 3518">
    <p class='ocr_par' dir='ltr' id='par_1_6' title="bbox 0 0 1099 3518">
     <span class='ocr_line' id='line_1_42' title="bbox 0 0 1099 3518; baseline 0 0"><span class='ocrx_word' id='word_1_263' title='bbox 0 0 1099 3518; x_wconf 95' lang='lat' dir='ltr'> </span> 
     </span>
    </p>
   </div>
  </div>
 </body>
</html>
