2172 3506
241 199 244 204 .
378 161 565 210 AENEIDOS
582 162 651 212 Lau.
671 165 736 215 ΧΙΙ,
936 160 981 204 333

129 238 295 307 Insequitur,
313 239 471 308 trepidique
488 239 587 309 pedem
605 241 678 310 pede
695 241 818 296 fervidus
836 243 950 308 urguet:

128 314 267 368 Inclusum
285 315 370 368 veluti
388 314 411 368 si
429 317 539 385 quando
556 317 667 371 flumine
684 323 780 372 nactus

127 391 245 444 Gerrum
263 394 312 444 aut
328 391 460 459 puniceae
479 395 604 461 saeptum
622 393 768 448 formidine
785 408 891 462 pennae
944 404 982 444 rso

127 466 252 520 Venator
269 483 350 520 cursu
368 467 445 521 canis
461 473 490 522 et
508 468 654 522 latratibus
673 470 774 533 instat;

126 542 178 596 1110
198 545 298 609 autem,
316 542 423 596 insidiis
441 546 470 596 et
487 543 548 612 ripa
565 545 681 598 territus
699 546 762 611 alta,

125 618 204 670 Mille
222 618 292 686 fugit
310 619 468 686 refugitque
486 621 556 674 vias:
575 624 606 674 at
623 620 730 674 vividus
748 618 854 674 Umber

126 694 234 747 Haeret
251 693 336 761 hians,
354 694 407 747 iam
425 695 534 764 iainque
551 699 636 764 tenet,
655 697 804 764 similisque
822 693 926 749 tenent‘

126 769 269 838 increpuit
287 770 372 837 malis,
390 787 537 840 morsuque
556 772 647 826 elusus
665 773 738 826 inani
757 775 830 839 est-q
945 782 981 824 rsa

125 845 194 898 'ium
213 862 277 900 vero
295 847 418 900 exoritur
436 847 545 913 clamor,
565 848 695 917 ripaeque
713 847 842 915 lacusque

125 921 299 991 Responsant
317 921 394 988 circa,
413 926 442 976 61
459 923 562 977 eaelum
581 927 659 977 tonat
677 937 756 976 omno
775 922 902 975 tunmltu.

125 997 178 1050 1110
197 997 276 1051 simul
294 997 401 1065 fugiens
420 998 538 1052 Rutulos
556 999 637 1052 simul
654 1000 778 1066 increpat
795 999 889 1061 omnis,

124 1073 241 1126 Nomine
260 1089 397 1142 quemque
415 1089 522 1140 vocans,
541 1077 692 1142 notumque
711 1074 844 1141 efflagitat
862 1088 962 1126 ensem.

125 1151 235 1204 Aeneas
252 1153 368 1203 1110116111
386 1153 481 1204 contra
498 1167 682 1218 praesensque
701 1151 821 1204 minatur
943 1161 979 1203 rso

125 1224 255 1288 Exitium,
274 1225 298 1276 si
316 1225 458 1294 quisquam
478 1226 568 1294 adeat,
587 1230 730 1294 terretque
747 1224 901 1290 trementis,

124 1301 287 1354 Excisurum
304 1301 402 1354 urbem
420 1301 556 1368 minitans,
577 1306 606 1355 et
625 1302 730 1355 saueius
747 1303 838 1354 instat.

125 1377 251 1444 Quinque
269 1377 343 1429 orbis
360 1377 471 1446 expient
489 1394 578 1444 cursu,
595 1377 768 1444 totidemque
786 1378 916 1430 retexunt

125 1453 188 1505 Huc
206 1451 283 1517 iilue;
301 1469 390 1520 nequo
408 1453 480 1507 enim
498 1454 569 1508 levia
588 1455 636 1506 aut
654 1451 760 1506 ludicra
776 1455 908 1520 petuntur

126 1528 257 1595 Praemia,
271 1528 320 1582 sed
333 1529 415 1582 'Fumi
428 1528 464 1582 de
476 1529 534 1582 vita
546 1531 575 1582 et
587 1528 717 1596 sanguine
730 1530 844 1582 certant.
943 1537 978 1582 rm

125 1603 210 1656 Forte
227 1621 303 1657 sacer
321 1605 415 1657 Fauno
433 1604 505 1658 iuliis
522 1604 642 1658 oleaster
659 1603 759 1658 amaris

126 1679 180 1732 Hic
197 1683 320 1746 steterat,
338 1680 429 1734 nautis
447 1680 511 1734 olim
530 1680 687 1734 venerabile
705 1680 816 1748 lignum,
889 1696 892 1700 ·

93 1805 103 1822 ,
125 1755 232 1808 Servati
249 1772 284 1810 ex
301 1756 383 1809 undis
401 1755 449 1808 ubi
466 1756 551 1823 figere
570 1755 642 1808 dona
661 1754 784 1807 solebant

125 1831 254 1884 Laurenti
272 1831 336 1885 divo
355 1835 384 1884 61
401 1836 478 1886 votas
497 1831 664 1898 suspendere
681 1834 786 1893 vestes3

124 1907 180 1960 Sed
198 1907 311 1974 stirpem
330 1908 427 1960 Teucri
444 1908 517 1961 nullo
536 1907 692 1960 discrimine
711 1921 816 1959 sacrum
941 1915 976 1956 110

124 1981 305 2050 Sustulerant‚
322 1999 391 2050 puro
409 1986 441 2035 ut
458 1987 571 2051 possent
589 1999 751 2036 concurrere
769 1996 871 2048 campo.

125 2059 180 2111 Hic
197 2057 276 2112 hasta
295 2061 406 2112 Aeneae
424 2058 531 2124 stabat3
549 2058 602 2111 huc
620 2058 739 2125 impetus
757 2057 831 2110 illam

125 2133 276 2201 1101116111,
295 2135 377 2188 fixam
396 2138 426 2189 61
443 2135 518 2188 lenta
536 2135 564 2188 in
583 2134 675 2187 radice
693 2133 812 2187 tenebat.

125 2209 254 2264 Incubuit
271 2211 411 2279 voluitque
429 2227 511 2264 rnanu
528 2210 679 2264 convellere
696 2210 798 2263 ferrum

125 2285 305 2353 Dardanides,
319 2287 429 2354 teloque
444 2286 528 2358 sequi,
541 2302 623 2354 quem
636 2284 771 2353 prendere
784 2300 865 2338 cursu
940 2295 975 2338 775

125 2360 186 2414 Non
204 2365 320 2430 poterat.
356 2362 424 2417 'ium
441 2378 506 2416 vero
525 2378 618 2416 amens
635 2361 781 2415 formidine
800 2361 913 2421 Turnus

125 2437 226 2505 Faune,
244 2454 348 2505 precor,
365 2438 504 2503 adserere,
523 2438 614 2506 inquit
631 2442 717 2505 tuque
739 2441 852 2504 optuma
873 2434 973 2488 ferrum

124 2512 208 2566 'l'erra
225 2517 296 2577 tene,
315 2514 385 2567 colui
402 2517 509 2567 vestros
528 2515 550 2566 si
569 2528 678 2580 semper
695 2511 817 2578 honores,

125 2588 198 2652 Quos
217 2593 312 2645 contra
330 2589 477 2643 Aeneadae
495 2588 568 2643 bello
585 2588 675 2642 fecere
692 2586 826 2655 profanos.

126 2663 211 2731 Dixit,
230 2680 364 2733 opemque
382 2665 427 2718 dei
445 2681 499 2717 non
516 2680 592 2717 cassa
610 2664 637 2716 in
656 2665 720 2716 vota
738 2661 850 2714 vocavit.
942 2672 976 2714 11

125 2739 250 2806 Namque
269 2741 316 2793 din
333 2741 440 2794 luctans
457 2741 586 2807 lentoquo
604 2739 633 2790 in
652 2737 738 2807 stirpe
756 2739 877 2790 moratus

126 2812 238 2868 Viribus
254 2815 329 2869 haud
345 2816 408 2870 ullis
425 2816 510 2870 valuit
528 2814 682 2868 discludere
699 2829 805 2867 morsus

126 2889 242 2943 Roboris
260 2892 377 2947 Aeneas.
412 2892 484 2945 Dum
502 2891 600 2944 nititur
618 2906 681 2944 acer
700 2893 728 2943 61
745 2889 838 2954 instat,

126 2966 232 3019 Rursus
249 2967 278 3019 in
295 2968 406 3036 aurigae
423 2967 520 3020 faciem
538 2969 644 3021 mutata
663 2964 771 3019 Metisci

125 3041 266 3096 Proeurrit
282 3043 416 3112 fratrique
434 3059 527 3098 ensem
546 3042 598 3095 dea
617 3041 724 3094 Daunia
740 3038 839 3093 reddit
934 3042 971 3085 781

125 3117 206 3182 Quod
224 3118 319 3172 Venus
337 3119 433 3172 audaci
451 3117 593 3186 Nymphae
611 3115 753 3182 indignata
770 3114 860 3178 licere,

128 3194 257 3258 Accessit,
276 3195 416 3263 telumque
434 3194 490 3246 alia
508 3193 543 3245 ub
562 3192 653 3245 radice
671 3190 784 3244 revellit.
