2152 3506
116 179 148 228 72
344 177 374 224 Ρ.
394 174 547 224 VERGILI
565 174 732 223 MARONIS

116 258 276 321 Admonuit,
296 259 354 308 tum
372 259 446 310 tecta
464 257 570 322 petunt,
589 259 648 308 tum
666 272 781 324 corpora
797 263 919 322 curant3

116 331 161 386 Fit
179 334 289 399 sonitus,
307 338 484 399 mussantque
502 347 564 384 oras
583 335 611 385 et
628 331 722 385 limina
739 334 848 388 circum.

115 408 188 476 Post,
206 407 253 461 ubi
271 408 325 461 iam
343 407 470 460 thalamis
489 425 518 460 sc
536 424 710 477 conposuere,
730 410 826 462 siletur

114 483 149 538 In
167 488 281 550 noctem,
300 483 439 551 fessosque
458 500 538 552 sopor
556 499 621 536 suus
639 489 754 553 occupat
772 488 854 538 artus
945 503 985 541 leo

113 560 140 613 N
142 577 173 614 ee
190 577 253 613 vcro
272 577 288 612 a
306 559 421 612 stabulis
438 559 529 627 pluvia
547 560 715 627 inpendente
733 559 866 613 recedunt

113 635 239 704 Longius,
258 639 306 689 aut
324 634 439 689 eredunt
458 635 532 689 eaelo
551 635 763 690 adventantibus
782 637 879 694 Euriss

113 711 169 766 Sed
185 713 286 766 circum
304 715 381 764 tutae
399 705 450 764 sub
469 711 610 764 moenibus
629 712 704 766 urbis
722 717 867 781 aquantur,

113 788 305 857 Exeursusque
323 787 413 841 brevis
431 791 576 856 temptant,
596 792 625 841 et
643 805 724 857 saepe
742 787 855 856 lapillos

113 864 152 916 Ut
170 864 281 931 cymbae
298 863 438 916 instabiles
456 864 541 917 fluctu
559 864 677 917 iactante
696 865 843 928 saburram,
944 887 980 923 rsa

112 940 237 1002 Tollunt,
254 940 296 992 his
315 957 374 992 sese
393 956 442 1007 per
459 940 549 995 inania
567 939 660 993 nubila
678 941 789 996 librant.

112 1015 195 1069 Illum
213 1015 282 1069 adeo
300 1015 432 1084 placuisse
450 1015 546 1084 apibus
564 1016 699 1070 mirabere
716 1034 827 1084 morem,

112 1091 191 1156 Quod
210 1109 298 1160 neque
317 1091 461 1145 concubitu
478 1091 629 1160 indulgent,
648 1109 697 1145 nee
716 1109 828 1161 corpora
846 1109 955 1161 segnes

112 1167 146 1220 lu
165 1168 300 1221 Venerem
320 1167 436 1233 solvunt,
456 1173 504 1221 aut
521 1169 594 1222 fetus
612 1168 720 1222 nixibus
739 1169 831 1235 edunt,

112 1243 215 1297 Verum
234 1245 309 1313 ipsse
329 1261 343 1296 e
362 1243 432 1296 loliis
450 1247 529 1297 natos
548 1248 576 1296 et
595 1244 721 1297 sirenibus
740 1245 831 1298 herbis
940 1265 977 1302 20,

112 1321 167 1374 Ore
184 1322 287 1389 legunt,
307 1320 383 1389 ipsae
401 1337 495 1388 regem
513 1337 666 1389 parvosque
687 1321 807 1385 Quirites

111 1396 259 1463 Sufficiunt,
278 1397 408 1465 aulasque
427 1401 456 1449 et
475 1414 554 1449 cerea
571 1413 656 1464 regna
674 1398 818 1464 refingunt.

111 1472 197 1540 Saepe
216 1473 298 1525 etiam
318 1473 395 1526 duris
414 1472 530 1526 errando
548 1473 576 1524 in
595 1472 701 1526 cotibus
720 1473 776 1530 alus

111 1549 261 1622 Attrivcrc,
280 1549 408 1617 ultroque
426 1549 543 1601 animam
563 1548 613 1601 sub
631 1549 705 1602 fasee
723 1548 834 1602 dedere.

110 1624 213 1677 Tantus
232 1640 308 1676 amor
325 1624 421 1678 florum
440 1629 469 1678 et
486 1624 635 1693 generandi
653 1623 738 1692 gloria
756 1625 851 1678 mellis.
935 1645 976 1684 205

110 1701 181 1768 llrgo
200 1701 273 1769 ipsas
292 1701 415 1766 quamvis
433 1701 542 1769 angusti
561 1701 693 1754 terminus
711 1702 770 1754 aevi

110 1775 359 1846 Excipiet-neque
378 1777 449 1830 enirn
467 1777 529 1846 plus
548 1781 674 1845 septumo
692 1776 803 1831 ducitur
820 1782 957 1832 aestas—

110 1855 150 1906 Aa
167 1870 253 1920 genus
272 1852 414 1906 inmortale
433 1857 533 1919 uranet,
551 1853 706 1921 multosque
724 1870 775 1920 per
793 1869 876 1906 annos

109 1929 171 1982 Stat
191 1929 312 1982 Fortuna
330 1929 434 1997 domna,
453 1933 482 1981 et
501 1928 544 1981 avi
562 1932 740 1982 numerantur
758 1931 892 1981 arorum.'

109 2005 257 2060 Praeterea
275 2023 368 2074 regem
385 2023 438 2058 non
457 2006 494 2058 sic
514 2007 653 2072 Aegyptos
672 2006 814 2073 elingens
931 2023 975 2062 ara

109 2081 201 2150 Lydia,
220 2100 269 2136 nee
287 2082 379 2150 populi
399 2082 562 2134 Parthorum
580 2086 627 2133 aut
646 2081 745 2134 Medus
765 2081 912 2150 Hydaspes

109 2159 268 2214 Observant.
306 2160 383 2227 Rege
400 2159 527 2212 incolumi
546 2168 622 2210 mens
641 2157 766 2210 onmibus
783 2174 837 2210 una
854 2162 914 2224 est;

110 2236 219 2288 Amisso
237 2253 336 2304 rupere
355 2236 444 2300 fidem,
464 2239 673 2301 (·‹mstrnctaqno
691 2234 771 2288 mella

108 2310 252 2379 Diripuere
271 2313 346 2380 ipsae
365 2312 494 2362 eternus
513 2311 618 2365 solvere
636 2311 773 2376 favorum;

109 2387 160 2441 llle
178 2404 289 2455 operum
308 2391 405 2449 eustos,
424 2386 500 2439 illum
519 2386 697 2454 admirantur,
716 2391 745 2440 et
763 2403 856 2441 omnes
929 2407 972 2448 215

108 2463 291 2516 Circumstant
309 2464 420 2516 fremitu
440 2463 523 2516 dense
543 2464 700 2532 stipantque
718 2463 886 2532 frequentes,

109 2540 144 2591 llt
163 2556 243 2608 saepe
263 2540 392 2593 attollunt
410 2540 539 2605 humeris,
559 2545 587 2592 et
606 2557 719 2608 corpora
737 2540 807 2593 bollo

108 2615 253 2668 Obiectant
272 2617 468 2685 pulchramque
487 2620 585 2684 petunt
603 2633 653 2684 per
671 2617 782 2669 volnera
800 2623 926 2672 mortem.

143 2691 194 2743 His
214 2692 324 2759 quidam
344 2694 427 2760 signis
445 2697 529 2760 atque
548 2692 614 2744 haec
632 2693 756 2760 exenrpla
775 2694 859 2746 secuti

107 2767 174 2820 Esse
193 2767 288 2835 apibus
307 2772 413 2836 partem
429 2769 540 2821 divinae
559 2770 658 2822 mentis
677 2773 705 2821 et
723 2769 837 2823 haustus
927 2786 971 2827 22⁰

108 2845 255 2898 Aetherios
274 2845 383 2911 dixere;
402 2847 484 2900 deum
502 2863 620 2914 namque
637 2846 678 2898 iro
696 2863 746 2915 per
764 2846 850 2898 omnis

107 2920 258 2989 [terrasque
276 2925 437 2989 tractusque
455 2923 538 2973 maris
557 2922 715 2989 caelumque
733 2921 898 2990 profundum
908 2943 916 2986 ;

108 2995 180 3048 Hine
197 2997 324 3063 pecudes,
343 3000 472 3060 annecte,
491 2998 570 3062 viros,
588 3013 673 3062 genus
693 3013 771 3048 omne
790 2997 919 3062 ferarum,

108 3067 249 3136 Quemque
267 3072 319 3123 sibi
338 3073 427 3123 tenuis
444 3073 600 3122 nascentem
620 3087 756 3122 arcessere
774 3072 861 3134 ritas3

108 3141 216 3196 Scilicet
234 3146 285 3198 huc
303 3146 383 3198 reddi
403 3145 502 3197 deinde
520 3160 551 3194 ac
568 3143 688 3194 resoluta
705 3143 802 3196 referri
928 3159 972 3204 aas

109 3215 212 3269 Omnia·
232 3236 281 3270 noc
299 3221 380 3270 morti
399 3234 459 3270 esse
477 3217 572 3279 locum,
591 3216 640 3268 sed
658 3218 719 3269 viva
735 3219 827 3271 volare
