2174 3502
384 124 460 172 AEN
463 123 567 173 EIDOS
584 123 654 172 LIB.
676 124 737 172 VII.
951 125 998 173 225

138 209 255 263 Venatu
272 223 420 273 nemorum,
439 206 516 260 duris
535 206 688 274 Aequicula
705 206 816 274 glaebis.

138 285 254 340 Armati
272 287 375 337 terram
394 287 531 351 exercent,
550 299 713 352 semperque
731 281 849 336 recentis

138 363 311 417 Conveetare
329 359 405 412 iurat
422 360 539 428 praedas
556 362 585 413 ct
603 361 694 413 virere
712 362 800 427 rapto.

175 438 248 502 Quin
267 439 296 491 et
315 435 454 489 Marruvia
472 437 547 490 verrit
565 435 701 504 degente
720 433 855 499 sacerdos,
960 445 997 489 771

138 514 252 568 Fronde
271 529 354 580 super
370 512 476 580 galeam
496 516 525 566 et
543 512 614 566 felici
633 515 759 580 comptus
777 510 856 577 oliva,

138 589 276 658 Archippi
294 589 367 656 regis
384 589 475 654 missu,
494 588 658 642 fortissimus
676 588 790 653 Umbro,

138 665 262 735 Vipereo
279 665 374 733 generi
392 668 421 717 et
438 665 561 732 graviter
578 663 746 733 spirantibus
764 662 859 731 hydris

138 734 281 811 Spargere
295 741 343 810 qui
360 757 468 794 somnos
485 747 622 810 cantuque
640 755 777 807 manuque
795 738 907 806 solebat,

139 817 336 886 Mulcebatque
354 817 409 869 iras
427 821 455 870 ct
473 833 579 870 morsus
597 819 658 870 arte
675 815 791 869 levabat.
960 827 995 868 700

138 893 197 947 Sed
214 911 269 947 non
289 893 444 946 Dardaniae
462 892 592 946 medicari
609 891 729 960 cuspidis
747 891 832 946 ictum

139 970 257 1035 Evaluit,
275 987 364 1036 noque
382 986 445 1022 eum
463 969 555 1022 iuvere
573 969 600 1022 in
618 969 728 1022 volnera
745 972 840 1022 carrtns

138 1046 285 1100 Somniseri
303 1052 333 1098 ct
353 1045 450 1098 Marsis
468 1045 607 1113 quaesitae
624 1043 762 1098 montibus
780 1044 889 1098 herbae.

137 1123 177 1176 To
195 1138 292 1175 nemus
312 1122 469 1188 Anguitiac,
487 1121 575 1174 vitrea
592 1125 621 1174 tc
641 1120 757 1174 Fucinus
775 1120 857 1188 unda,

136 1199 176 1252 Te
194 1198 291 1266 liquidi
309 1197 408 1250 flevere
426 1197 508 1251 lacos.
955 1211 992 1251 700

174 1273 239 1327 Ibat
257 1277 286 1326 01
305 1273 449 1343 Hippolyti
467 1272 558 1341 proles
575 1272 756 1341 pulcherrima
773 1271 852 1339 belle,

135 1351 260 1417 Virbius,
278 1349 412 1418 insignem
430 1366 511 1418 quem
529 1355 618 1402 mater
639 1347 730 1400 Aricia
748 1349 830 1415 misit,

135 1428 276 1480 Eductam
296 1426 410 1493 Egeriae
427 1425 495 1478 lucis
513 1425 655 1477 humentia
673 1423 773 1476 circum

136 1505 240 1568 Litora,
258 1502 366 1571 pinguis
383 1501 431 1555 ubi
449 1505 478 1554 ot
495 1499 636 1568 placabilis
653 1516 701 1552 ara
719 1499 829 1552 Dianae.

134 1578 265 1648 Namque
282 1578 376 1632 lerunt
393 1578 466 1631 fama
488 1576 674 1646 Hippolytum,
694 1579 839 1646 postquam
861 1581 923 1631 arto
941 1594 989 1632 no-

207 1671 303 1709 vercae
953 1668 989 1710 roo

135 1731 278 1786 Occiderit
295 1730 453 1799 patriasque
472 1729 589 1798 explerit
608 1730 738 1797 sanguine
756 1745 857 1798 poenas

135 1807 267 1861 Terbetia
284 1807 433 1872 distractus
451 1807 537 1875 equis,
555 1807 591 1860 ad
609 1806 700 1860 sidera
717 1823 812 1860 rursus

136 1884 273 1938 Aetheria
290 1886 319 1936 et
337 1899 449 1950 superas
467 1883 536 1936 caeli
553 1883 659 1936 venisse
677 1882 728 1936 snb
745 1898 833 1948 auras,

136 1960 264 2014 Paeoniis
281 1962 436 2012 revocatum
455 1958 545 2011 herbis
564 1962 593 2012 et
610 1975 703 2012 amore
722 1959 832 2011 Dianae.

135 2037 207 2089 Turn
225 2036 310 2089 Pater
326 2035 505 2102 omnipotens,
522 2035 640 2103 aliquem
659 2033 816 2101 indignatus
833 2031 869 2086 ab
885 2033 989 2088 umbris

136 2112 285 2166 Mortalem
303 2111 416 2164 infernis
434 2110 470 2164 ad
488 2111 590 2163 lumina
609 2126 722 2177 surgere
740 2109 821 2174 vitae,
952 2124 988 2166 771

137 2188 204 2256 Ipse
220 2190 388 2256 repertorem
406 2186 557 2240 medicinae
575 2186 638 2240 talis
656 2189 685 2239 01
702 2185 770 2238 artis

137 2263 266 2317 Fulmina
285 2261 486 2332 Phoebigenam
507 2263 614 2330 Stygias
633 2261 754 2314 detrusit
771 2261 807 2314 ad
825 2262 919 2317 undas.

137 2341 179 2393 At
198 2339 288 2393 Trivia
306 2339 486 2408 Hippolytum
505 2339 618 2392 seeretis
634 2339 706 2392 alma
723 2338 847 2392 recondit

138 2415 265 2482 Sedibus,
283 2418 312 2469 ct
329 2414 462 2482 nymphae
482 2415 599 2482 Egeriae
616 2415 775 2482 nemorique
794 2415 905 2482 relegat,
954 2429 989 2469 775

138 2491 217 2545 Solus
234 2491 280 2544 ubi
298 2492 327 2544 in
345 2490 417 2543 silvis
438 2489 516 2543 Italis
533 2490 660 2558 ignobilis
678 2507 773 2543 aerum

138 2567 276 2635 Exigemt,
294 2583 428 2635 versoque
446 2566 493 2619 ubi
511 2568 620 2619 nominc
638 2566 752 2619 Virbius
769 2570 850 2620 essct.

138 2643 221 2697 Unde
239 2643 322 2696 etiam
341 2643 444 2711 templo
462 2643 568 2696 Triviae
586 2643 708 2711 lucisque
726 2643 839 2694 sacratis

138 2718 307 2787 Cornipedcs
325 2723 454 2772 areentur
472 2718 543 2787 equi,
562 2718 637 2787 quod
654 2719 735 2772 litore
753 2735 862 2771 currum

139 2795 175 2850 ut
191 2795 316 2849 iuvenem
334 2794 463 2848 monstris
481 2793 573 2862 pavidi
590 2794 712 2848 effudere
729 2794 849 2848 marinis,
953 2805 990 2848 781

139 2871 226 2924 Filius
244 2870 367 2924 ardentis
386 2870 460 2923 hand
478 2871 563 2923 setius
581 2886 700 2938 aequore
718 2871 805 2938 campi

138 2946 294 3001 Exercebat
311 2962 396 3015 eques
414 2962 549 3014 curruque
566 2946 595 2999 in
613 2946 685 3000 bella
702 2945 807 2998 ruebat.

175 3025 239 3092 lpse
257 3023 330 3076 inter
347 3022 449 3090 primos
467 3022 619 3089 praestanti
638 3037 749 3088 corporo
769 3021 874 3072 'l'nrnus

139 3099 268 3153 Vertitur
286 3115 362 3152 arma
380 3102 484 3163 tenens,
503 3101 532 3151 et
550 3101 610 3150 toto
628 3097 730 3150 vertice
748 3111 830 3162 supra
847 3099 896 3150 est.

138 3174 190 3230 eui
208 3174 309 3243 triplici
326 3174 425 3228 crinita
442 3174 507 3226 iuba
523 3172 602 3239 galea
620 3172 676 3224 alta
694 3170 863 3223 Chimaeram
954 3187 989 3227 ras
