2154 3518
135 79 166 126 el
370 77 398 124 P.
418 76 571 126 VERGILI
589 79 752 126 MARONIS

135 156 347 224 Extremumque
365 158 450 224 sequi,
469 163 517 212 ant
535 159 626 212 medio
643 161 824 228 procumbere
841 177 948 230 eampo

136 231 304 297 Pascentem,
323 236 351 286 et
369 250 446 288 serae
464 235 549 288 selam
568 235 703 288 decedere
722 237 801 300 noeti,

135 306 270 361 Continuo
288 309 396 378 culpam
413 310 486 364 ferro
505 327 652 379 compesce,
670 313 748 381 prius
765 328 848 382 quam

135 382 203 436 Dira
220 401 269 453 per
285 386 424 439 incautum
443 391 555 454 serpant
573 387 699 456 contagia
717 389 817 457 volgus.

135 457 161 514 N
163 477 197 512 on
208 465 264 514 tarn
277 461 373 514 creber
385 478 470 529 agens
482 463 601 516 hiemem
614 464 670 518 ruit
682 481 801 533 aequore
813 468 906 533 turbe,
962 484 1001 523 ree

135 535 222 600 Quam
240 539 342 590 multae
359 539 495 607 pecudum
513 544 614 606 pestes
653 541 711 594 Nee
729 540 836 609 singula
853 542 953 618 morbi

135 612 255 680 Corpora
273 615 432 683 corripiunt,
450 614 500 668 sed
517 618 577 668 tota
595 621 655 668 aest
656 616 699 669 ira
717 622 839 684 reponte,

135 689 271 759 Spemque
297 707 466 760 gregemque
492 690 580 756 simul,
607 696 788 818 cunctamque
817 693 851 744 ab
884 697 1001 760 origine

202 771 319 834 gentem

135 841 203 895 Turn
220 844 295 909 sciat,
315 845 402 898 aerias
422 844 555 912 Alpeset
543 843 674 898 tNoriea
692 846 715 898 si
734 846 795 914 quis

135 918 278 972 Castella'
272 937 298 971 m
317 920 430 974 tumulis
447 925 476 974 et
495 919 606 988 Iapydis
624 937 690 974 arva
708 921 812 974 'limavi
961 941 999 980 ηε

135 993 214 1047 Nunc
231 1011 340 1063 quoque
358 995 421 1065 post'
438 1001 515 1049 tanto
534 995 626 1049 videat
645 997 809 1065 desertaque
827 1014 915 1063 regna

78 1077 122 1129 re.
135 1069 278 1123 Pastorum
299 1077 328 1124 et
345 1073 424 1140 longe
442 1072 527 1125 saltus
546 1073 656 1140 lateque
674 1073 803 1130 vacantis.

171 1147 223 1200 llio
242 1148 377 1214 quondam
397 1149 492 1201 morbo
510 1149 576 1201 caeli
595 1149 751 1201 miseranda
769 1153 863 1202 coorta
882 1154 928 1204 est

135 1223 293 1292 Tempestas
312 1229 426 1292 totoque
444 1225 568 1278 autumni
585 1223 729 1277 incanduit
746 1228 833 1299 aestu,

134 1299 170 1352 Et
182 1317 267 1368 genus
279 1318 359 1354 «nnnc
372 1302 430 1354 neci
443 1301 577 1368 pecudum
591 1299 678 1367 dedit,
691 1316 771 1353 omne
783 1300 911 1365 ferarum,
957 1321 996 1360 ιω

134 1376 318 1445 Corrupitquo
336 1378 418 1442 lacus,
436 1377 531 1431 infecit
549 1375 649 1445 pabula
667 1377 739 1429 tabo.

133 1451 192 1505 Nec
210 1454 253 1505 via
271 1455 367 1506 mortis
385 1460 445 1506 crat
463 1453 593 1521 simplex3
611 1452 661 1506 sed
678 1451 726 1504 ubi
744 1453 824 1521 ignea
842 1456 918 1508 renis

133 1525 266 1580 Omnibus
284 1533 345 1582 aeta
362 1529 422 1581 sitis
440 1528 553 1581 miseros
571 1528 726 1582 adduxerat
744 1533 827 1595 artus,

134 1603 239 1656 Rursus
258 1603 416 1656 abundabat
434 1603 534 1656 fluidus
552 1605 642 1673 liquor
660 1607 805 1674 omniaque
822 1605 851 1658 in
869 1623 900 1659 se

133 1676 203 1730 Ossa
221 1679 376 1750 minutatim
394 1679 489 1732 morbo
507 1679 633 1748 conlapsa
650 1679 786 1733 trahebat.
956 1699 994 1738 sss

133 1756 222 1823 Saepe
238 1755 266 1807 in
284 1755 385 1808 honore
403 1754 484 1808 deum
503 1755 593 1808 medie
613 1761 688 1810 stans
706 1756 795 1810 hostia
812 1759 848 1810 nd
866 1773 953 1824 areni,

134 1831 225 1886 Lanea
243 1832 308 1885 dum
327 1831 406 1885 nivea
424 1831 608 1885 circumdatur
625 1832 712 1904 infula
730 1832 807 1895 vitta,

133 1908 212 1961 Inter
230 1909 381 1962 cunctantis
399 1907 499 1982 cecidit
516 1907 679 1960 moribunda
697 1908 843 1961 ministros.

134 1987 193 2038 Aut
212 1986 234 2038 si
253 2001 334 2054 quam
353 1985 425 2038 ferro
444 1988 610 2037 mactaverat
628 1988 692 2037 ante
711 1983 846 2049 sacerdes,

134 2062 204 2114 Inde
222 2080 311 2131 neque
328 2061 454 2132 inpositis
471 2059 571 2113 ardent
589 2059 685 2112 altaria
703 2060 786 2128 fibris,
953 2078 990 2117 see

133 2137 158 2190 N
161 2154 191 2190 ee
209 2155 337 2206 responsa
354 2141 446 2206 petest
464 2137 602 2190 consultus
620 2135 737 2189 reddere
755 2141 840 2204 rates,

134 2215 176 2266 Ac
194 2216 238 2266 vix
257 2215 389 2282 suppositi
409 2213 572 2280 tinguuntur
590 2213 720 2279 sanguine
738 2213 820 2266 cultri

134 2291 299 2357 Surrrmaque
317 2289 407 2341 ieiuna
425 2289 499 2340 sanie
517 2287 668 2362 infuscatur
686 2305 774 2343 arena

134 2366 206 2419 Hinc
224 2364 400 2418 laetisvituli
420 2364 497 2430 volgo
515 2365 667 2417 moriuntur
686 2365 714 2418 in
733 2365 833 2432 herbis

133 2443 170 2496 Et
188 2441 275 2494 duleis
293 2441 396 2493 animas
414 2440 494 2506 plena
512 2440 548 2493 ad
567 2441 708 2508 praesepia
726 2434 862 2504 red'dunt3
951 2460 985 2498 aas
1017 2455 1021 2462 '

134 2519 205 2572 Hinc
223 2517 334 2570 canibus
352 2517 459 2570 blandis
476 2515 566 2569 rabies
584 2517 666 2584 venit,
685 2520 714 2570 et
732 2518 821 2586 quatit
840 2535 936 2586 aegros

133 2593 225 2648 'l'ussis
243 2593 340 2647 anhela
358 2611 421 2648 sues
438 2611 470 2647 ac
487 2593 610 2647 faucibus
629 2593 705 2660 angit
724 2593 820 2646 obesis

133 2671 248 2724 Labitur
265 2670 358 2723 infelix
377 2669 531 2724 studiorum
550 2674 634 2737 atque
651 2670 785 2722 inmemor
803 2669 905 2724 herbae

133 2747 230 2800 Victor·
248 2762 335 2813 equus
353 2745 491 2813 fontisque
509 2746 644 2798 avertitur
662 2749 691 2798 et
708 2745 780 2812 pede
800 2751 901 2798 terram

133 2823 235 2876 Crebra
254 2821 334 2885 lerit3
352 2821 486 2874 demissae
505 2838 591 2886 aures,
611 2823 730 2874 incertus
748 2821 849 2874 ibidem
945 2837 982 2877 eor

132 2899 229 2967 Sudor,
247 2902 276 2952 et
293 2898 339 2950 ille
358 2898 467 2964 quidem
486 2897 626 2948 morituris
644 2897 766 2963 frigidus,
785 2901 845 2949 aret

134 2974 216 3027 Pellis
234 2973 316 3028 etad
334 2977 392 3026 tact
393 2989 438 3024 um
457 2972 585 3024 tractant
579 2988 587 3022 1
565 2972 674 3023 tdura
692 2972 802 3024 resistit

15 3097 16 3104 ,
134 3049 211 3101 Haec
228 3053 293 3101 ante
311 3048 425 3101 exitium
443 3047 538 3114 primis
557 3047 655 3098 dant
643 3048 719 3110 signe
737 3045 849 3109 diebns3

15 3129 18 3213 l
76 3131 116 3193 2.)
134 3124 228 3176 Sinin
245 3139 373 3190 processu
390 3123 480 3190 eoepit
497 3120 657 3175 crudescere
677 3121 792 3183 morbus,
