2174 3502
100 174 145 219 216
282 193 289 210 ·
327 168 357 217 P.
376 166 528 215 VERGILI
546 165 712 214 MARONIS

100 250 204 316 Evolat,
223 252 251 303 et
268 253 362 302 natam
379 248 514 301 frondosis
532 245 668 300 montibus
686 246 770 317 abdit,

101 326 161 390 Quo
178 326 328 378 thalamum
347 324 445 393 eripiat
463 323 573 376 'leuoris
591 323 741 392 taedasque
759 328 892 395 moretur,

102 401 176 455 Euoc
195 401 308 468 Bacche,
327 401 453 466 fremens,
472 400 559 453 solum
577 402 607 452 te
626 400 730 468 virgine
749 401 862 468 dignum

103 477 273 531 vociferans:
293 478 393 530 etenim
411 476 500 528 mollis
518 475 570 529 tibi
588 493 695 529 sumere
715 477 829 544 thyrsos,
917 492 954 531 eso

102 555 140 608 Te
158 554 275 607 lustrare
293 553 381 618 ebore,
400 569 506 606 sacrum
524 552 574 605 tibi
593 569 703 621 pascere
721 553 829 606 crinem.

103 631 188 685 Fama
205 631 285 696 volat,
304 629 436 698 furiisque
455 646 579 682 accensas
597 632 708 696 pectore
725 632 827 682 matres

104 708 183 761 Idem
202 707 289 759 omnis
307 706 385 758 simul
404 706 486 758 ardor
504 706 567 772 agit,
584 723 653 758 nova
672 721 803 773 quaerere
820 707 902 759 tecta.

104 783 257 837 Deseruere
276 782 378 848 domos,
398 783 486 835 ventis
506 782 573 834 dant
592 781 660 835 colla
677 797 837 850 comasque;

105 863 159 913 Ast
176 859 245 912 aliae
262 859 386 912 tremulis
404 858 551 911 ululatibus
569 858 683 911 aethera
701 858 832 926 conplent,
920 873 958 910 aas

105 935 321 1010 l‘amQasque
339 939 438 1003 gerunt
456 935 588 987 incinctae
606 934 722 1003 pellibus
739 934 840 986 hastas.

105 1011 170 1079 lpsa
186 1011 259 1064 inter
275 1011 378 1064 medias
396 1011 556 1078 flagrantem
574 1010 679 1064 fervida
696 1011 789 1079 pinum

105 1087 235 1153 Sustinet,
254 1103 285 1140 ae
302 1091 382 1140 natac
401 1087 538 1154 'Furnique
556 1087 628 1139 canit
646 1087 813 1154 hymenaeos,

105 1164 285 1231 Sanguineam
303 1166 434 1231 torquens
451 1164 545 1229 aciem,
564 1167 726 1232 torvumque
744 1167 859 1230 repente

105 1239 225 1292 Clamat:
244 1239 276 1292 Io
293 1242 403 1305 matres,
422 1255 456 1291 au
487 1242 523 1304 te,
542 1237 587 1291 ubi
607 1255 739 1307 quaeque,
758 1238 886 1290 Latinae:
921 1250 961 1288 me

105 1315 133 1368 Si
152 1332 205 1383 qua
223 1315 274 1383 piis
292 1315 388 1367 animis
406 1318 498 1368 manet
516 1315 631 1367 infelicis
650 1317 767 1368 Amatae

105 1391 207 1458 Gratia,
227 1391 249 1444 si
266 1391 334 1444 iuris
354 1391 469 1444 materni
488 1408 553 1444 cura
571 1391 716 1458 remordet,
759 1409 764 1418 ·

106 1466 207 1520 Solvite
226 1466 333 1520 crinalis
351 1466 442 1534 vittas,
462 1468 551 1536 eapite
570 1467 645 1534 orgia
662 1452 774 1520 mecum.

105 1542 197 1595 Talem
215 1542 288 1596 inter
306 1542 393 1609 silvas,
411 1543 484 1596 inter
503 1543 613 1596 deserta
631 1541 755 1604 ferarum,

106 1617 240 1685 Reginam
259 1618 369 1672 Allecto
388 1619 505 1672 stimulis
524 1621 582 1687 agit
601 1619 721 1686 undique
740 1618 847 1672 Bacchi.
924 1632 963 1670 no

141 1693 290 1762 Postquam
308 1695 366 1746 visa
384 1695 570 1762 satimrimos
591 1694 831 1760 acuisse‘furores,

106 1770 308 1837 Consiliumque
324 1787 486 1839 omnemque
506 1771 615 1823 domum
635 1771 749 1823 vertisse
768 1769 866 1836 Latini,

107 1847 234 1900 Protinus
252 1845 314 1899 hine
331 1847 414 1900 fuscis
433 1848 521 1900 tristis
540 1847 591 1899 dea
610 1846 716 1899 tollitur
733 1846 783 1898 alis

107 1922 228 1976 Audacis
247 1923 342 1975 Rutuli
361 1923 397 1975 ad
415 1940 514 1991 muros,
533 1939 615 1991 quam
634 1922 734 1974 dieitur
750 1921 846 1974 urbem

107 1999 273 2052 Acrisioneis
292 1999 386 2052 Danae
402 1999 531 2052 fundasse
550 1999 660 2056 colonis,
926 2011 965 2050 41⁰

107 2075 253 2143 Praecipiti
271 2075 362 2129 delata
380 2076 462 2129 Note.
500 2076 587 2128 Locus
606 2075 700 2128 Ardea
718 2075 854 2143 quondam

107 2153 202 2205 Dictus
220 2150 292 2216 avis;
310 2155 339 2204 et
356 2169 428 2205 nune
446 2169 574 2220 magnum
591 2155 669 2205 tenet
689 2151 782 2204 Ardea
800 2167 914 2216 nomen;

107 2228 162 2282 Sed
181 2229 303 2281 Fortuna
321 2228 380 2282 fuit.
417 2229 506 2282 Tectis
525 2228 568 2281 hie
587 2228 693 2280 Turnus
711 2227 737 2279 in
756 2227 819 2280 altis

108 2304 167 2357 Iam
185 2302 301 2357 mediam
320 2305 398 2370 nigra
416 2304 546 2372 carpebat
563 2307 642 2357 nocte
661 2305 788 2371 quietem.

108 2375 216 2432 Allecto
234 2381 339 2431 torvam
356 2379 453 2432 faeiem
471 2384 500 2433 ct
517 2380 623 2432 firrialia
641 2378 763 2432 membra
930 2396 966 2433 415

108 2455 206 2520 Exuit;
223 2454 251 2506 in
269 2453 360 2507 voltus
378 2472 437 2508 sese
457 2457 634 2509 transformat
653 2455 730 2528 anilis

109 2531 281 2584 bifrontem
300 2529 443 2584 obscenam
463 2533 538 2600 rugis
559 2535 634 2596 arat;
651 2531 741 2602 induit
759 2533 834 2585 albos

109 2607 177 2660 Cum
195 2607 264 2659 vitta
282 2607 377 2672 minim
396 2613 455 2660 tum
475 2626 580 2661 ramum
599 2591 831 2672 innectiffolivae3

110 2682 154 2735 Fit
173 2681 272 2750 Calybe
292 2682 402 2737 Iunonis
421 2702 488 2737 anus
506 2685 657 2753 templique
678 2685 818 2738 sacerdos:

109 2759 146 2811 Et
163 2759 252 2810 iuveni
270 2762 334 2811 ante
353 2761 444 2812 oculos
461 2760 503 2812 bis
522 2777 551 2813 se
570 2777 629 2813 eum
649 2759 760 2813 vocibus
778 2760 870 2813 offert:
930 2773 961 2809 aa

110 2834 206 2900 Turne,
225 2837 267 2886 tot
285 2835 417 2888 ineassum
437 2837 511 2889 fusos
529 2837 635 2905 patiere
654 2836 769 2905 labores,

111 2909 147 2961 Et
165 2913 213 2962 tua
232 2909 378 2962 Dardaniis
396 2912 541 2964 transcribi
560 2916 667 2980 sceptra
686 2913 802 2966 colonial

111 2981 171 3034 Rex
188 2983 240 3036 tibi
259 2985 410 3052 coniugium
429 2990 458 3038 et
477 2987 613 3053 quaesitas
632 2989 761 3054 sanguine
779 2987 860 3042 dotes

112 3056 248 3122 Abnegat,
268 3062 450 3126 externusque
468 3061 496 3111 in
514 3076 629 3126 regnum
649 3063 790 3129 quaeritur
807 3058 896 3118 heres.

111 3127 125 3180 1
144 3143 219 3190 nune,
237 3131 353 3198 ingratis
369 3135 436 3186 offer
454 3137 492 3200 te,
510 3134 599 3199 inrise,
618 3137 744 3202 periclis;
932 3153 971 3194 seo

111 3198 268 3272 Tyrrhenas,
286 3208 303 3272 i,
322 3211 413 3260 sterno
432 3208 516 3273 acies,
534 3211 598 3276 tege
616 3225 682 3278 paee
702 3212 821 3268 Latinos.
