2172 3506
102 159 147 205 308
332 158 362 205 P.
383 154 537 203 VERGILI
558 155 726 203 MARONIS

99 235 209 290 Mecum
226 235 310 288 erede
327 236 390 300 solo,
409 251 572 304 pugnaeque
589 235 700 303 accinge
717 234 858 302 pedestri:

101 310 159 363 Iam
178 327 280 376 nosces,
300 316 412 364 ventosa
429 311 500 364 ferat
517 312 561 364 cui
579 311 666 379 gloria
683 311 799 366 laudem.

100 385 191 449 Diuit3
209 390 239 439 at
257 386 304 439 illa
321 387 414 440 furens
431 387 542 456 acrique
559 403 672 440 accensa
690 386 783 441 dolore

100 462 196 516 Tradit
208 479 309 532 equum
320 463 419 528 comiti,
431 463 598 532 paribusque
616 463 721 517 resistit
733 463 760 516 in
773 464 862 530 armis
918 480 958 522 no

100 537 173 591 Ense
191 539 275 607 pedes
293 540 373 605 nudo,
391 555 514 607 puroque
532 540 659 594 interrita
676 556 776 608 parma

101 615 141 667 At
159 615 270 682 iuvenis,
290 617 385 669 vicisse
403 617 466 669 dolo
484 623 568 680 ratus,
588 616 677 670 avolat
694 616 761 684 ipse,

102 690 184 743 Haud
203 708 286 755 mora,
306 694 498 762 conversisque
516 692 599 761 fugax
618 693 743 746 aufertur
759 691 882 760 habenis,

101 765 366 836 Qundmpedemque
384 770 469 822 citum
486 769 590 822 ferrata
607 769 680 822 calce
698 769 802 836 fatigat.

100 843 178 896 Vane
198 844 288 912 Ligus,
308 845 463 914 frustraque
480 846 578 898 animis
595 846 667 899 elate
686 844 817 913 superbis
861 887 866 893 .
915 859 954 898 rra

99 919 274 989 Nequiquam
291 923 395 988 patrias
412 915 696 991 ternptas'ti'lubricus
713 921 789 987 artis,

99 995 124 1047 N
128 1010 158 1048 ec
176 996 253 1049 fraus
268 1001 298 1050 te
316 997 478 1050 ineolumem
497 997 585 1051 fallaci
603 997 726 1067 perferet
744 997 834 1050 Auno.

101 1071 177 1126 llaec
193 1072 268 1126 fatur
285 1074 369 1141 virgo,
386 1077 415 1126 et
432 1074 589 1142 pernicibus
606 1074 687 1141 ignea
703 1073 803 1142 plantis

100 1147 208 1202 Transit
226 1166 326 1217 equum
345 1166 432 1216 cursu,
451 1150 590 1218 frenisque
608 1149 723 1202 adversa
739 1148 883 1217 prehensis

100 1223 283 1291 Congreditur
295 1242 449 1294 poenasque
462 1226 571 1279 inimico
582 1243 616 1279 ex
629 1225 759 1292 sanguine
771 1223 866 1278 sumit:
914 1239 953 1278 72⁰

100 1300 187 1364 Quam
205 1300 283 1354 facile
301 1302 430 1370 accipiter
448 1319 513 1355 saxo
532 1317 608 1355 sacer
626 1303 682 1355 ales
699 1301 734 1354 ab
751 1301 807 1354 alto

100 1376 283 1446 Consequitur
301 1379 397 1446 permis
416 1378 558 1432 sublimem
577 1379 604 1430 in
622 1377 695 1430 nube
712 1376 872 1442 columbam,

100 1452 341 1522 Conprensamque
359 1458 442 1519 tenet,
461 1453 633 1522 pedibusque
651 1453 784 1506 eviscerat
801 1453 895 1516 uncis;

99 1527 168 1580 Tum
186 1534 313 1582 erueret
331 1530 422 1583 vulsae
441 1530 571 1583 labuntur
588 1529 623 1582 ab
641 1529 753 1582 aethere
769 1529 886 1597 plumae.
900 1529 916 1610 Ι(

135 1603 175 1656 At
186 1620 240 1656 non
252 1604 318 1657 haec
330 1605 410 1657 nullis
422 1605 562 1658 hominum
574 1610 648 1660 sator
659 1611 744 1675 atque
755 1605 870 1658 deorum
913 1618 952 1659 rar

100 1678 254 1732 Observans
273 1680 357 1734 oculis
376 1697 481 1734 summo
500 1682 580 1735 sedet
598 1681 670 1734 altus
688 1681 810 1750 Olympo.

99 1755 268 1823 Tyrrhenum
286 1757 395 1824 genitor
413 1757 581 1811 Tarchonem
599 1758 627 1811 in
645 1759 748 1826 proelia
765 1773 846 1810 saeva

100 1832 226 1898 Suseitat,
245 1838 274 1886 et
293 1835 410 1887 stimulis
427 1833 500 1887 haud
518 1833 645 1887 mollibus
662 1833 749 1886 inlicit
766 1834 827 1886 iras

100 1907 172 1976 Ergo
189 1909 262 1962 inter
280 1910 378 1963 caedes
396 1911 578 1978 cedentiaque
596 1909 705 1978 agmina
723 1909 845 1962 Tarchon

100 1983 202 2038 Fertur
220 2003 299 2054 eque,
317 1987 453 2054 variisque
471 1986 583 2054 instigat
602 1985 711 2039 vocibus
728 1985 791 2050 alas
914 2000 952 2038 reo

100 2060 216 2114 Nomine
235 2078 371 2131 quemque
390 2079 494 2127 vocans,
514 2062 658 2130 reficitque
675 2061 704 2114 in
722 2061 826 2130 proclia
844 2060 945 2128 pulsos.

100 2136 167 2200 Quis
185 2141 282 2204 metus,
300 2156 316 2191 0
335 2155 482 2207 numquam
501 2138 621 2203 dolituri,
640 2153 656 2190 o
674 2153 784 2206 semper
800 2137 904 2190 inertes

100 2212 238 2280 Tyrrheni,
258 2230 328 2281 qnae
346 2218 424 2268 tanta
441 2215 539 2267 animis
557 2214 663 2281 ignavia
681 2214 775 2266 veuitl

101 2288 213 2342 Femina
230 2290 348 2356 palantis
366 2291 431 2357 agit,
450 2295 534 2357 atque
553 2289 620 2343 haee
638 2289 746 2358 agmina
764 2289 868 2342 uertit?

100 2365 159 2429 Quo
177 2365 287 2428 ferrum,
306 2365 408 2433 quidve
426 2364 493 2418 haee
510 2367 632 2434 gerimus
650 2365 706 2418 tela
724 2365 806 2418 inrita
817 2363 947 2418 'dextrisl

100 2443 141 2493 At
158 2457 211 2492 non
229 2439 258 2492 in
277 2440 414 2493 Venerem
433 2458 532 2508 segnes
550 2439 736 2510 nocturnaque
753 2441 832 2497 bella.
914 2455 948 2493 rar

101 2519 167 2581 Aut,
186 2517 233 2570 ubi
251 2533 333 2570 curva
350 2517 446 2570 choros
463 2517 564 2571 indixit
582 2517 650 2571 tibia
670 2517 776 2580 Bacchi,

100 2592 266 2661 Exspectare
285 2593 369 2662 dapes
388 2597 416 2646 et
434 2593 529 2661 plenae
546 2593 643 2662 poeula
661 2609 810 2656 mensae,-

100 2668 155 2721 Hic
166 2686 249 2733 arnor,
261 2669 312 2722 hoe
330 2669 552 2723 studium-dum
570 2685 646 2722 saera
662 2668 797 2722 secundus
814 2667 948 2732 haruspex

100 2745 224 2809 Nuntiet,
242 2761 274 2797 ae
292 2745 365 2798 lucos
384 2747 462 2798 vocet
479 2744 569 2798 hostia
586 2745 693 2813 pinguis
711 2745 738 2796 in
756 2743 832 2796 altos,
914 2757 950 2794 rer

101 2820 177 2873 Haec
196 2821 292 2873 effatus
311 2837 411 2888 equum
429 2821 456 2873 in
474 2820 586 2887 medios,
605 2821 754 2873 moriturus
772 2818 885 2886 etipse,

100 2895 231 2960 Concitet,
250 2901 279 2948 et
298 2897 406 2949 Venulo
429 2897 574 2950 adversum
593 2913 623 2949 se
642 2896 771 2949 turbidus
789 2895 879 2959 infert,

100 2967 304 3037 Dereptumque
321 2971 356 3023 ab
375 2987 445 3039 equo
463 2970 562 3024 dextra
580 2972 761 3039 conplectitur
778 2971 892 3024 hostem.

99 3042 135 3093 Et
152 3045 286 3108 gremium
304 3049 368 3099 ante
387 3062 465 3098 suum
484 3045 570 3098 multa
587 3048 613 3098 vi
632 3047 754 3099 concitus
772 3046 868 3100 aufert
932 3042 936 3048 ’

99 3114 214 3169 Tollitur
231 3118 259 3169 in
276 3120 381 3173 eaelum
399 3120 507 3186 elamor,
525 3121 671 3189 cunctique
689 3121 781 3175 Latini
914 3135 951 3176 ras

99 3187 264 3243 Convertere
283 3195 381 3247 oculos.
417 3195 500 3248 Volat
518 3194 613 3263 igneus
632 3213 751 3266 aequore
770 3197 901 3264 Tarchon,
935 3227 941 3234 ·
