2174 3502
109 151 155 198 180
341 143 370 190 P.
391 143 543 192 VERGILl
561 146 728 195 MARONIS

112 227 274 296 Insequitur.
313 225 415 279 Causas
433 225 505 278 tanti
523 226 590 279 sciat
608 227 654 280 illa
672 228 779 284 furoris.

113 308 176 375 lpse
194 301 261 356 mihi
279 319 366 371 nuper
385 302 492 370 Libycis
511 305 543 356 tu
561 305 641 357 testis
659 306 687 357 in
705 307 786 360 undis

111 384 199 448 Quam
216 380 316 435 molem
335 378 426 432 subite
445 379 572 434 excierit:
592 382 678 440 maria
695 384 785 436 omnia
802 386 880 440 eaelo
932 403 973 442 m

111 460 230 528 Miscuit,
250 457 354 510 Aeoliis
372 456 538 525 nequiquam
557 458 630 510 freta
646 459 780 526 procellis,

111 536 146 591 In
163 536 255 605 regnis
272 534 322 587 hoc
340 549 406 586 ausa
423 533 485 586 tuis.
852 530 855 535 ’

112 613 166 668 Per
184 613 271 667 scelus
289 628 350 666 eece
369 611 453 664 etiam
471 610 594 665 Troianis
612 613 747 666 matribus
765 615 835 668 actis

113 691 223 745 Exussit
241 689 322 743 foede
341 689 448 759 puppis,
467 692 495 742 et
513 689 598 742 classe
616 689 726 758 subegit

112 769 222 822 Arnissa
239 768 325 822 socios
343 768 452 835 ignotae
469 767 594 834 linquere
611 769 710 820 terrae.
934 780 973 820 rac

113 844 192 908 Quod
210 849 343 916 superest,
363 861 418 912 oro,
438 843 518 896 liceat
537 842 604 896 dare
622 847 683 896 tuta
700 861 751 912 per
767 844 856 898 undas

113 921 183 975 Vela
200 922 259 989 tibi,
278 922 358 975 liceat
378 922 544 975 Laurentem
563 921 700 988 attingere
718 921 855 989 Thybrim,

113 997 142 1052 si
159 1015 287 1052 concessa
304 1003 377 1067 peto,
398 1000 419 1052 si
439 999 505 1052 dant
523 1016 556 1052 ea
574 998 681 1050 moenia
701 997 810 1051 Parcae.

113 1075 181 1128 Tum
201 1077 344 1130 Saturnius
362 1077 429 1130 haee
448 1076 567 1128 domitor
585 1075 668 1127 maris
686 1074 774 1128 edidit
791 1075 861 1128 alti:-

113 1151 166 1204 llas
184 1169 264 1206 omne
283 1157 333 1217 est,
353 1153 496 1221 Cytherea,
515 1153 584 1206 meis
602 1154 631 1205 te
649 1151 736 1204 fidere
753 1151 852 1218 regnis,
933 1165 973 1203 soe

112 1227 195 1283 Unde
213 1245 299 1298 genus
318 1229 401 1282 ducis.
438 1230 528 1283 Merui
546 1245 669 1298 quoque3
690 1245 771 1296 saepe
788 1227 894 1280 furores

113 1304 268 1374 Compressi
287 1311 316 1359 ot
333 1307 436 1362 rabiem
456 1308 562 1358 tantam
581 1305 704 1372 caelique
723 1305 865 1373 marisque.

113 1380 173 1434 Nee
190 1383 278 1438 minor
296 1383 323 1435 in
342 1383 431 1448 terris,
452 1381 593 1434 Xanthum
614 1381 806 1448 Simoentaque
827 1381 924 1443 testor,

115 1457 226 1512 Aeneae
243 1458 309 1512 mihi
328 1475 393 1512 cura
410 1460 459 1512 tui.
497 1454 566 1511 Cum
585 1457 665 1509 Troia
684 1457 805 1510 Achilles

115 1533 276 1588 lisanimata
294 1552 410 1604 sequens
429 1535 584 1604 inpingeret
602 1534 710 1601 agmina
728 1533 820 1600 muris,
935 1546 974 1583 aas

115 1608 191 1663 Milia
207 1611 294 1664 multa
312 1611 392 1664 daret
410 1610 474 1678 leto,
493 1614 690 1678 gemerentque
709 1609 807 1678 repleti

116 1687 226 1753 Amnes,
245 1702 295 1740 nee
313 1687 434 1756 reperire
453 1687 524 1740 siam
543 1691 626 1756 atque
646 1687 769 1739 evolvere
786 1687 881 1754 posset

116 1761 149 1814 ln
167 1779 243 1815 mare
261 1779 290 1816 se
310 1762 444 1832 Xanthus,
464 1763 576 1818 Pelidae
595 1767 661 1817 tunc
679 1779 729 1832 ego
747 1761 811 1815 forti

116 1841 298 1906 congressum
318 1840 434 1894 Aenean·
450 1857 500 1893 nce
518 1840 561 1892 dis
581 1857 629 1894 nce
647 1838 749 1893 viribus
767 1836 862 1904 aequis

116 1914 196 1968 Nube
214 1932 279 1968 cava
297 1918 382 1986 rapui,
401 1933 529 1985 cuperem
548 1932 609 1968 curn
629 1919 737 1968 vertere
756 1914 791 1966 ab
809 1913 864 1964 imo
937 1926 975 1963 aro

116 1991 227 2046 Structa
245 1993 313 2046 meis
331 1992 456 2046 manibus
473 1993 599 2060 periurae
618 1992 725 2044 moenia
744 1988 847 2042 Troiae.

116 2067 143 2120 N
144 2085 196 2122 une
208 2086 316 2138 quoque
329 2087 406 2123 mens
419 2069 514 2123 eadem
527 2071 635 2137 perstat
646 2067 727 2131 mihi;
742 2065 812 2135 pelle
824 2064 955 2116 timorem

116 2144 210 2213 Tutus,
230 2163 299 2215 quos
317 2150 403 2215 optas,
422 2150 517 2215 portus
536 2144 649 2198 accedet
668 2142 779 2197 Averni.

117 2219 196 2274 Unus
213 2223 267 2275 erit
284 2226 400 2289 tantum,
420 2223 548 2276 amissum
568 2238 650 2290 quem
668 2218 778 2288 gurgite
796 2231 930 2284 quaeres;

117 2297 210 2351 Unum
227 2314 277 2366 pro
296 2299 390 2351 multis
409 2298 521 2352 dabitur
538 2303 627 2366 caput
938 2307 975 2343 ⁸1⁵
1082 2355 1083 2364 ἶ

118 2373 170 2426 His
187 2373 236 2426 ubi
254 2374 327 2426 laeta
345 2375 414 2428 deae
431 2375 576 2442 permulsit
593 2379 706 2442 pectora
723 2372 811 2440 dietis,

118 2449 212 2517 Iungit
230 2466 314 2519 equos
333 2467 399 2503 auro
418 2451 540 2519 Genitor,
559 2451 768 2519 spumantiaque
785 2447 864 2500 addit

119 2525 208 2579 Frena
225 2527 298 2588 ieris,
318 2527 497 2596 manibusque
516 2529 603 2580 omnis
623 2525 737 2580 effundit
754 2524 883 2577 habenas.

119 2601 250 2656 Caeruleo
268 2620 318 2672 per
337 2621 442 2656 summa
460 2604 526 2657 levis
545 2604 618 2657 volat
638 2617 755 2671 aequora
773 2617 868 2659 omnis;

119 2677 268 2733 Subsidunt
286 2680 384 2748 undae,
402 2681 593 2748 tumidumque
612 2678 663 2732 sub
681 2695 733 2731 axo
750 2677 856 2730 tonanti
940 2688 976 2725 stc

119 2754 258 2808 Stemitur
276 2772 379 2824 aequor
398 2757 482 2825 aquis,
501 2757 610 2824 fugiunt
628 2760 705 2808 vasto
723 2753 835 2807 aethere
853 2749 946 2802 nimbi.
993 2799 998 2809 ,

120 2830 187 2883 Tum
207 2833 297 2886 variae
316 2833 445 2886 comitum
465 2833 555 2900 facies,
576 2833 694 2885 inmania
711 2833 780 2897 cete,

120 2905 157 2958 Et
175 2907 265 2960 senior
283 2908 378 2961 Glauci
397 2909 501 2976 chorus,
521 2910 658 2977 Inousque
680 2907 833 2973 Palaemon,

120 2979 299 3051 Tritonesque
317 2984 373 3050 citi,
393 2982 546 3050 Phorcique
565 2984 703 3036 exercitus
722 2982 825 3046 omnis;

121 3053 210 3108 Laeva
227 3060 305 3111 tenet
323 3058 423 3123 Thetis,
442 3063 471 3112 et
490 3059 593 3123 Melite,
614 3060 795 3127 Panopeaque
812 3056 898 3124 virgo,
941 3067 976 3105 aas

122 3128 234 3195 Nesaee,
253 3133 380 3202 Spioque,
399 3134 553 3201 Thaliaque,
573 3135 787 3202 Opurodoceque.

158 3203 210 3256 llic
228 3207 315 3272 patris
335 3211 447 3262 Aeneae
467 3225 625 3277 suspensam
644 3208 745 3262 blanda
763 3205 882 3264 vicissim
