2152 3506
107 151 153 197 108
349 148 377 194 Ρ,
397 147 550 194 VERGILI
568 147 732 196 MARONIS

106 229 173 280 Tum
192 244 256 280 vero
273 227 436 279 tremefacta
454 243 538 279 novus
557 243 607 294 per
625 231 736 295 pectora
753 229 860 284 cunctis

106 302 231 355 insinuat
249 319 339 370 pavor,
359 306 387 356 et
406 302 494 355 scelus
512 303 675 370 expendisse
686 309 842 360 merentem

106 378 259 431 Laocoonta
277 378 376 444 lerunt,
396 394 501 431 sacrum
521 380 568 447 qui
587 379 698 446 cuspide
717 380 798 434 robur
926 400 966 440 aso

107 455 229 509 haeserit
248 458 276 508 ct
295 460 373 521 tergo
392 456 552 509 sceleratam
571 456 712 508 intorserit
730 457 860 510 hastam.

106 532 265 585 Ducendum
284 531 320 583 ad
339 530 418 584 sedes
436 531 610 584 simulacrum
628 531 785 600 orandaque
802 533 884 588 divae

106 609 223 662 Numina
241 608 415 661 conclamant.

106 685 259 738 Dividimus
277 701 368 737 muros
387 687 416 737 et
433 684 540 738 moenia
556 685 702 752 pandimus
719 686 802 740 urbis.
878 687 883 693 ’

105 763 258 829 Accingunt
277 778 370 814 omnes
389 762 471 829 operi,
489 761 660 830 pedibusque
679 765 798 815 rotarum
926 781 967 819 23⁵

105 838 255 892 subiiciunt
273 837 372 905 lapsae,
390 842 419 889 ct
437 842 554 904 stuppea
572 837 679 890 vincula
697 837 764 890 collo
814 861 816 866 ·

106 915 263 968 intendunt.
300 913 411 966 Scandit
429 913 518 966 festalis
536 914 660 966 machina
677 930 775 978 muros,

106 991 174 1044 Feta
191 991 279 1043 armis.
319 989 399 1042 l’ueri
418 989 519 1041 circum
537 991 722 1058 innuptaeque
739 990 846 1058 puellae
916 1007 922 1057 l

105 1067 186 1120 Sacra
205 1069 312 1133 canunt,
331 1065 477 1132 funemque
496 1083 576 1118 manu
595 1067 754 1133 contingere
771 1066 915 1134 gaudent]

107 1143 157 1196 llla
176 1143 255 1208 subit,
274 1141 436 1209 inediaeque
454 1142 560 1194 minans
578 1141 707 1194 inlabitur
725 1141 791 1195 urbi.
923 1160 965 1199 aro

105 1221 128 1270 ll
147 1219 243 1287 patria,
262 1235 277 1270 o
296 1217 386 1269 divom
406 1218 503 1270 domus
523 1218 612 1283 Ilium,
630 1221 659 1272 et
677 1218 779 1272 incluta
797 1218 868 1271 bello

106 1295 216 1348 Moenia
235 1292 439 1347 Dardanidum!
459 1297 557 1361 quater
574 1294 633 1361 ipso
652 1293 679 1346 in
697 1293 790 1347 limine
807 1299 906 1362 ponae

105 1371 241 1438 Substitit,
260 1374 344 1438 atquo
362 1373 440 1422 utero
459 1370 577 1423 sonitum
595 1374 694 1438 quater
711 1387 786 1423 arma
803 1369 923 1436 dedere3

82 1448 243 1500 ‘Instemus
262 1451 353 1500 tamen
372 1446 680 1514 inmemores-caecique
698 1447 797 1513 furore,

105 1524 141 1577 Et
159 1529 309 1576 monstrum
328 1522 421 1574 infelix
440 1527 546 1575 saerata
564 1523 684 1576 sistimus
703 1539 771 1576 arce.
921 1540 963 1579 245

105 1600 178 1653 Tunc
197 1599 279 1652 etiarn
296 1597 361 1652 fatis
379 1598 469 1665 aperit
489 1598 641 1652 Cassandra
659 1599 758 1653 suturis

105 1675 166 1740 Ora,
185 1675 229 1727 dei
247 1675 321 1727 iussu
340 1691 393 1727 non
410 1691 541 1743 umquam
560 1675 664 1730 credita
681 1675 797 1729 Teucris.

104 1751 162 1805 Nos
180 1750 294 1804 delubra
312 1751 394 1804 deum
412 1752 512 1819 miseri,
532 1751 629 1820 quibus
648 1753 760 1805 ultimus
778 1755 852 1806 esset

106 1828 156 1881 llle
176 1829 242 1894 dies,
259 1829 329 1880 festa
347 1827 467 1880 velamus
485 1827 582 1880 fronde
600 1845 649 1896 per
667 1827 767 1881 urbem.

140 1905 266 1958 Vertitur
284 1905 390 1957 interca
407 1904 512 1957 caelum
531 1908 559 1957 et
577 1905 633 1957 ruit
651 1921 750 1958 occano
770 1905 840 1972 Nox,
921 1921 961 1960 aso

106 1982 248 2035 Involvens
265 1980 362 2033 umbra
380 1997 477 2048 magna
494 1986 652 2048 terramque
670 1981 816 2049 polumque

105 2058 360 2126 Myrmidonumque
379 2057 470 2121 dolos;
488 2056 540 2110 fusi
559 2074 608 2125 per
627 2058 733 2110 moenia
752 2057 849 2110 Teucri

106 2134 280 2198 Conticuere;
299 2149 380 2202 sopor
397 2133 483 2186 fossos
501 2134 681 2200 conplectitur
698 2138 780 2188 artus.

106 2211 141 2262 Et
159 2211 212 2262 iam
232 2211 335 2277 Argiva
352 2209 470 2278 phalanx
488 2209 629 2261 instructis
647 2208 759 2262 navibus
776 2209 833 2262 ibat

106 2291 131 2339 A
151 2286 267 2352 Tenedo,
286 2287 385 2339 tacitae
403 2301 453 2353 per
471 2286 557 2338 amica
575 2285 682 2338 silentia
700 2285 779 2338 lunae
920 2302 960 2341 25⁶

106 2363 199 2414 Litora
216 2365 281 2414 nota
298 2366 402 2428 petens,
422 2360 543 2414 flammas
561 2378 622 2414 cum
641 2361 716 2428 regia
733 2361 832 2429 puppis

105 2438 256 2502 Extulcrat,
275 2437 394 2504 fatisque
412 2436 493 2489 deum
505 2437 641 2510 ¹defensus
660 2437 759 2503 iniquis

70 2553 72 2558 -
107 2514 227 2566 inclusos
244 2519 323 2567 utero
343 2513 451 2565 Danaos
470 2518 498 2566 et
516 2514 595 2581 pineo
612 2512 707 2566 furtim

106 2591 192 2644 Laxat
210 2591 328 2643 claustra
347 2590 436 2643 Sinon.
475 2589 540 2642 Illos
558 2589 711 2659 patefactus
729 2588 765 2642 ad
783 2606 863 2642 auras

13 2678 17 2685 '
107 2667 210 2719 lleddit
228 2684 322 2733 equus,
341 2667 460 2735 laetique
478 2683 543 2720 cavo
562 2683 591 2719 se
609 2666 708 2719 robore
726 2668 854 2732 promunt
921 2679 959 2718 un

105 2741 290 2796 Thessandrus
309 2743 509 2810 Sthenelusque
527 2741 609 2796 duces
628 2746 656 2794 et
675 2741 751 2794 dirus
770 2741 873 2806 Ulixes,

106 2819 260 2872 Demissum
278 2818 346 2886 lapsi
364 2836 413 2886 per
432 2819 532 2886 funem,
552 2821 731 2886 Acamasque,
752 2817 902 2884 Thoasque,

105 2895 268 2962 Pelidesque
288 2894 489 2961 Neoptolemus,
508 2895 667 2962 primusque
686 2893 826 2958 Machaon,

105 2971 141 3024 Et
160 2970 307 3034 Menelaus,
327 2970 431 3036 etipse
450 2969 505 3020 doli
524 2969 671 3021 fabricator
690 2969 787 3035 Epeus.
911 3037 912 3040 Ἴ

106 3045 243 3099 Invadunt
261 3045 357 3096 urbem
377 3060 469 3095 somno
487 3045 602 3111 vinoque
621 3043 771 3110 sepultam
920 3055 957 3094 aas

107 3118 264 3170 Caeduntur
282 3120 384 3183 vigiles,
402 3119 543 3185 portisque
560 3118 718 3184 patentibus
737 3118 823 3170 omnis

109 3193 252 3256 Accipiunt
270 3194 354 3244 socios
372 3198 455 3258 atque
473 3192 580 3257 agmina
598 3191 704 3244 conscia
721 3193 844 3259 iungunt.
