2154 3518
323 199 525 248 GEORGICON
544 197 613 246 LIB.
633 197 683 245 III.
914 194 944 242 59

93 280 131 334 Et
148 282 269 332 mentem
287 278 379 332 Venus
397 277 455 346 ipsa
473 279 559 345 dedit,
578 295 631 346 quo
650 282 772 346 tempore
791 273 885 330 Glauci

94 355 242 410 Potniades
260 356 338 408 malis
356 355 478 407 membra
496 355 672 423 absumpsere
691 352 847 421 quadrigae.

94 432 160 484 Illas
178 429 255 484 ducit
273 447 349 483 amor
367 434 443 483 trans
462 431 584 498 Gargara
602 435 734 498 transque
753 432 890 481 sonantem

93 508 258 571 Ascanium;
276 511 413 578 superant
423 507 523 559 montis
542 511 570 559 ct
588 506 699 558 flumina
716 509 834 558 tranant.
910 518 946 556 270

93 583 283 650 Continuoque
301 581 388 635 avidis
406 581 452 634 ubi
472 581 581 634 subdita
600 581 708 634 flamma
725 581 886 634 modullis-

18 655 21 659 ’
92 657 167 714 Vere
185 660 278 727 magis,
296 659 361 727 quia
379 675 442 711 vere
461 659 533 711 calor
551 657 625 711 redit
644 657 846 710 ossibus-illae

93 737 148 789 Ore
167 746 259 788 omnes
280 751 373 788 versae
391 734 419 786 in
438 733 591 802 Zephyrum
611 737 686 787 stant
704 734 816 804 rupibus
835 732 905 795 altis,

93 803 301 880 Exceptahtque
318 809 385 863 levis
404 826 490 875 auras,
510 814 538 863 et
557 827 637 878 saepe
657 811 715 864 sine
732 810 794 863 ullis

93 887 231 955 Coniugiis
250 889 332 940 vento
349 885 637 954 gravidae-mirabile
657 887 766 940 dictu—
909 897 945 938 275

92 965 164 1018 Saxa
181 979 231 1032 per
248 967 277 1015 et
295 961 417 1030 scopulos
436 965 465 1015 et
483 961 626 1030 depressas
645 962 771 1016 cornuallia

92 1039 253 1107 Diffirgiunt‚
273 1056 332 1104 non,
352 1038 432 1105 Eure,
450 1041 520 1124 Ψ,
538 1055 627 1106 neque
647 1039 716 1092 Solis
735 1039 871 1106 adortus,

93 1116 134 1186 In
146 1116 253 1168 Borean
274 1115 455 1182 Cumanaque,
474 1118 521 1167 aut
539 1115 612 1168 unde
630 1114 793 1183 nigerrimus
813 1118 916 1168 Auster

93 1192 223 1244 Nascitur
241 1195 269 1244 et
287 1191 377 1258 pluvio
396 1190 540 1244 contristat
559 1190 660 1258 frigore
678 1192 789 1244 caelum.

94 1269 147 1321 Hic
166 1268 282 1332 deinum,
300 1267 478 1334 hippomanes
496 1282 560 1318 vero
579 1267 653 1335 quod
670 1271 778 1321 nomine
796 1267 890 1321 dicunt
909 1281 946 1320 rso

93 1343 229 1410 l'astorcs,
247 1342 352 1394 lentum
372 1341 493 1394 destillat
512 1342 546 1394 ab
564 1342 673 1409 inguine
692 1343 782 1408 virus;

93 1419 289 1486 llippomanes,
308 1416 382 1486 quod
400 1434 481 1484 saepo
499 1417 586 1470 malae
604 1418 696 1486 legere
714 1435 852 1485 novercae,

93 1495 319 1562 hliscueruutque
336 1491 436 1546 herbas
455 1497 483 1546 et
500 1509 555 1546 non
572 1493 682 1548 innoxia
700 1495 789 1548 verba.

128 1571 183 1624 Sed
201 1570 273 1637 fugit
290 1569 403 1636 interea,
421 1569 491 1637 fugit
509 1569 691 1638 inreparabile
709 1575 827 1640 ternpus,

93 1647 205 1714 Singula
224 1646 290 1699 dum
309 1646 380 1713 capti
399 1645 641 1699 circumvectamur
659 1665 761 1702 amoro.
909 1663 945 1702 rso

93 1723 155 1776 Hoc
173 1723 239 1776 satis
257 1723 400 1775 annuatis:
421 1725 531 1790 superat
548 1740 612 1790 pars
630 1724 716 1778 altera
735 1741 823 1792 curae,

93 1799 241 1866 Lanigeros
259 1799 363 1866 agitare
381 1815 478 1865 greges
495 1798 637 1868 hirtasque
655 1801 780 1870 capellas.

93 1875 148 1930 Hic
166 1875 256 1940 labor;
273 1875 336 1928 hinc
354 1875 462 1927 laudem
481 1875 565 1928 fortes
585 1881 694 1943 sperate
711 1878 804 1931 coloni.

93 1951 152 2004 Nec
170 1968 229 2004 sum
248 1951 330 2003 animi
349 1951 455 2014 dubius,
474 1951 565 2004 verbis
584 1969 616 2005 oa
634 1953 741 2006 vincere
759 1971 887 2022 magnum

94 2027 181 2090 Quam
195 2028 237 2092 sit,
252 2031 280 2079 et
299 2026 420 2094 angustis
433 2026 504 2078 hunc
517 2027 619 2080 addere
632 2028 714 2081 rebus
726 2029 871 2094 honorcm;
909 2043 946 2082 aso

93 2104 149 2156 Sed
167 2098 210 2155 me
230 2102 341 2154 Parnasi
361 2101 471 2154 deserta
488 2119 539 2170 per
556 2103 641 2156 ardua
660 2103 746 2157 dulcis

94 2179 198 2246 ltaptat
216 2195 305 2243 amor;
323 2179 398 2230 iuvat
416 2178 456 2230 ire
473 2177 550 2246 iugis,
569 2196 622 2247 qua
640 2179 713 2232 nulla
729 2180 849 2249 priorum

95 2255 241 2308 Castaliam
259 2253 333 2306 molli
352 2253 503 2307 devertitur
521 2254 611 2308 orbita
628 2256 702 2310 clivo.

129 2331 215 2396 Nunc,
235 2329 388 2382 veneranda
409 2329 495 2397 Pales,
514 2327 700 2398 magno'nunc
718 2350 764 2387 ore
787 2334 942 2388 sonandum

95 2407 231 2475 Incipiens
249 2405 363 2459 stabulis
382 2405 458 2458 edico
476 2406 504 2459 in
521 2407 647 2462 mollibus
665 2408 777 2462 herbam
908 2421 945 2462 aas

95 2485 213 2552 Carpere
231 2484 295 2549 ovis,
316 2482 381 2536 dum
401 2501 463 2535 mox
481 2483 608 2536 frondosa
625 2485 766 2538 reducitur
783 2489 880 2554 aestua,

94 2562 131 2614 Et
149 2560 236 2616 multa
254 2559 349 2612 duram
370 2560 470 2627 stipula
488 2560 643 2628 filicumque
660 2561 786 2628 maniplis

95 2639 223 2690 Sternere
242 2637 337 2690 subter
355 2637 474 2704 humum,
493 2637 594 2703 glacies
612 2655 646 2690 nc
664 2638 763 2705 frigida.
780 2638 872 2691 laedat

95 2713 177 2766 Molle
196 2730 285 2781 pecus,
306 2711 480 2781 scabiemque
499 2713 570 2766 ierat
588 2715 732 2782 turpisque
750 2713 892 2782 podagras,

95 2789 162 2840 Post
180 2789 243 2842 hinc
262 2789 400 2856 digressus
418 2789 499 2842 iubeo
517 2790 673 2843 frondentia
690 2791 777 2858 capris
910 2805 946 2849 sto

97 2864 205 2918 hrbuta
224 2865 346 2918 sufficere
366 2870 395 2919 et
413 2865 509 2919 fluvios
527 2867 660 2936 praebere
677 2867 801 2934 recentis,

97 2942 132 2994 lit
151 2940 258 2994 stabula
276 2961 293 2994 a
312 2941 399 2994 ventis
418 2941 532 2996 hiberno
552 2962 689 3013 opponere
708 2943 756 2996 soli

97 3017 142 3070 Ad
160 3017 281 3070 medium
299 3033 429 3071 conversa
448 3019 526 3084 diem,
545 3038 605 3074 cum
623 3021 738 3088 frigidus
756 3019 820 3073 olim

96 3094 155 3146 Iam
174 3094 248 3147 cadit
266 3098 445 3161 extremoque
463 3095 564 3150 inrorat
586 3099 723 3166 Aquarius
741 3112 818 3148 anne.

95 3171 174 3224 llaec
193 3187 301 3240 quoque
319 3185 372 3222 non
391 3187 456 3222 cura
474 3173 550 3226 uobis
568 3174 669 3227 leviore
686 3171 795 3226 tuenda.
911 3184 947 3222 sos

5 3303 11 3310 ,
95 3247 119 3300 N
123 3262 154 3299 cc
171 3247 259 3299 minor
277 3261 342 3298 usus
360 3245 421 3312 erit,
440 3251 563 3314 quamvis
581 3250 688 3302 Milesia
705 3265 804 3314 magno

207 3325 221 3363 a
