2174 3502
111 148 157 194 194
344 147 374 195 P.
393 145 545 192 vunnim
563 145 728 194 MARONIS

110 224 184 289 Quos
202 224 287 277 dulcis
306 225 380 278 vitae
398 224 515 279 exsortia
532 228 562 279 et
580 225 615 279 ab
632 226 718 282 ubere
735 231 831 297 raptos

110 299 235 354 Abstulit
252 305 313 354 atra
331 300 391 355 dies
409 305 439 354 et
456 301 550 355 funere
567 303 665 357 mersit
681 303 785 358 acerbo.

110 375 170 430 Hos
188 377 266 430 iuxta
283 377 351 431 falso
369 377 492 431 damnati
510 379 622 432 crimine
640 381 744 434 mortis.
925 400 964 440 sss

110 452 136 505 N
138 469 169 507 ec
187 470 250 507 vero
267 453 319 506 hae
337 453 395 507 sine
413 457 488 507 sorte
506 453 596 520 datae,
614 456 673 510 sine
691 456 789 525 iudico,
808 460 903 517 sedes:

110 529 255 593 Quaesitor
274 530 364 584 Minos
381 547 478 584 urnam
496 535 603 596 moret;
621 532 668 586 ille
687 535 816 588 silentum

110 605 314 675 Conciliumqno
331 611 410 660 vocat
428 607 553 675 vitasque
571 611 600 660 et
618 608 731 662 crimina
750 611 839 666 discit.

110 681 247 736 Proxuma
264 682 364 738 deindo
381 686 479 737 tenent
496 684 596 737 maesti
614 684 682 751 loca,
701 687 748 754 qni
768 687 819 740 sibi
838 689 926 743 letum

110 757 236 812 insontes
254 776 387 828 peperere
404 776 492 827 manu,
512 759 655 828 lucemque
674 764 762 830 perosi
925 779 962 818 aas

110 834 252 890 Proiecere
270 836 380 890 animas.
419 836 505 900 Quam
523 835 625 890 vellent
644 839 757 892 aethere
776 840 803 892 in
821 841 879 895 alto

109 910 135 963 N
136 927 188 964 unc
206 915 234 965 et
252 913 410 980 pauperiem
428 916 457 966 et
476 913 559 966 duros
576 914 700 982 perferre
717 915 839 970 labores!

109 986 163 1039 Fas
180 987 280 1053 obstat,
297 988 426 1057 tristique
444 989 522 1056 palus
540 989 694 1044 inamabilis
711 991 785 1045 unda

109 1062 221 1132 Alligat,
240 1066 269 1116 et
287 1064 398 1118 noviens
416 1065 483 1132 Styx
502 1066 635 1119 interiirsa
653 1071 769 1121 coercet.

108 1138 134 1191 N
136 1155 167 1192 oc
177 1139 272 1207 procul
284 1139 346 1192 hinc
358 1144 464 1208 partam
477 1141 531 1194 insi
543 1146 731 1198 monstrantur
739 1143 767 1196 in
779 1159 888 1197 omnem
922 1157 962 1198 uo

108 1214 246 1282 Lugentes
264 1216 366 1285 campi;
384 1217 422 1270 sic
440 1216 500 1272 illos
518 1217 626 1272 nomino
645 1218 746 1273 dicunt.

109 1292 170 1357 Hic,
188 1308 255 1360 quos
273 1291 359 1345 durus
379 1309 455 1346 amor
471 1293 576 1348 crudeli
593 1294 659 1348 tabe
676 1294 794 1363 peredit,

108 1366 211 1421 Secreti
230 1368 319 1421 celant
337 1369 418 1422 callos
436 1372 465 1423 et
483 1374 589 1438 myrtea
606 1370 708 1424 circum

108 1442 181 1496 Silva
199 1444 284 1511 tegit;
302 1462 383 1498 curae
401 1462 454 1498 non
472 1447 532 1515 ipsa
549 1447 578 1500 in
596 1449 686 1501 morto
705 1445 870 1515 relinquunt

109 1517 162 1570 His
191 1518 343 1573 Phaedram
374 1520 549 1590 Procrimque
578 1523 652 1590 locis,
680 1525 869 1590 maestamque
899 1523 960 1576 Eri-

210 1595 316 1664 phylen,

108 1670 233 1724 Crudelis
251 1671 308 1725 nsti
327 1675 525 1728 monstrantem
544 1675 661 1744 volnera,
674 1676 775 1743 cernit,

108 1745 294 1816 Euadnenqne
312 1751 341 1801 et
359 1748 530 1816 Pasiphaam
546 1751 590 1804 his
608 1750 758 1804 Laodamia

109 1821 137 1875 lt
154 1838 251 1888 eomes,
270 1826 299 1876 ot
316 1823 421 1876 iuvenis
439 1826 584 1892 quondam,
602 1843 675 1880 nuno
693 1826 801 1893 femina,
820 1829 953 1897 Caeneus,

108 1897 213 1952 Rursus
231 1902 259 1953 et
277 1899 305 1952 in
324 1903 445 1952 veterem
463 1901 520 1954 fato
539 1902 664 1956 revoluta
682 1903 805 1970 liguram.

108 1974 185 2028 Inter
204 1992 272 2043 quas
291 1975 439 2029 Phoenissa
457 1993 552 2030 recens
570 1995 587 2030 a
605 1977 716 2032 volnere
735 1978 808 2032 Dido
921 1995 957 2032 sto

3 2101 5 2104 .
108 2049 226 2104 Errabat
244 2053 311 2104 silva
328 2051 357 2103 in
375 2069 487 2119 magum
506 2070 588 2121 quam
608 2054 704 2107 Troius
721 2054 801 2108 heros

107 2126 147 2179 Ut
165 2128 282 2194 primum
301 2127 378 2181 iuxta
396 2129 474 2180 stetit
492 2129 676 2197 adgnovitque
692 2147 744 2198 per
761 2129 886 2183 umbram

107 2201 264 2270 Obscuram,
283 2204 390 2270 qualem
409 2204 496 2271 primo
516 2205 563 2273 qni
582 2221 695 2273 surgere
712 2222 805 2259 monac

108 2280 166 2332 Aut
184 2279 266 2345 videt,
285 2282 333 2331 aut
351 2278 451 2332 vidisse
469 2284 549 2348 putat
567 2299 618 2351 per
635 2281 729 2335 nubila
747 2281 859 2350 Lunam,
878 2323 896 2361 χ,

107 2353 224 2407 Demisit
241 2353 373 2419 lacrimas,
392 2354 520 2423 dulcique
538 2357 646 2410 adfatus
664 2373 756 2410 amoro
774 2360 831 2411 est:
873 2376 878 2384 ¹
920 2373 957 2412 sss

107 2428 205 2482 infelix
225 2429 303 2496 Dido,
322 2445 402 2482 verns
420 2431 486 2483 mihi
505 2433 617 2486 nrnrtins
635 2451 700 2501 ergo

108 2504 228 2559 Venerat
246 2504 416 2576 exstinctam,
434 2506 561 2576 ferroque
580 2513 703 2563 extrema
721 2511 861 2564 secutaml

111 2581 221 2635 Funeris
239 2582 292 2635 heu
310 2581 361 2634 tibi
379 2599 475 2637 caussa
491 2584 547 2638 fuit
585 2586 639 2638 Per
658 2585 749 2638 sidera
765 2586 833 2653 iuro,

106 2657 159 2711 Por
177 2675 289 2726 superos
307 2662 336 2712 et
354 2659 377 2711 si
396 2677 450 2728 qua
468 2660 537 2713 fides
556 2661 654 2717 tellure
673 2661 724 2716 sub
742 2662 799 2715 ima
816 2663 867 2727 est,

107 2733 220 2802 Inritus,
238 2735 338 2802 regina
357 2738 405 2788 tuo
424 2735 460 2788 de
477 2736 558 2790 litore
577 2737 652 2792 cessi.
919 2750 956 2789 ssa

106 2809 161 2862 Sed
179 2826 222 2863 me
239 2809 313 2863 iussa
331 2809 421 2879 deum,
440 2828 510 2878 quae
527 2830 598 2866 nunc
615 2813 665 2867 has
683 2813 724 2867 ire
742 2829 792 2882 per
809 2811 928 2880 umbras,

105 2883 161 2938 Per
177 2887 235 2938 loca
253 2889 330 2939 senta
349 2888 403 2940 situ
422 2892 522 2953 cogunt
540 2894 703 2958 noctemque
720 2887 894 2958 profundam,

105 2958 222 3026 Inperiis
240 2977 321 3028 egere
340 2962 413 3027 snis;
431 2979 481 3014 nec
499 2963 613 3017 credere
631 2965 706 3032 quivi

105 3031 186 3086 Hunc
204 3039 311 3088 tantum
330 3035 381 3088 tibi
399 3054 442 3090 me
461 3038 584 3092 discessu
601 3041 675 3094 ferre
693 3042 822 3096 dolorem.

104 3103 176 3158 Siste
193 3109 316 3175 gradum,
335 3115 420 3179 teque
438 3116 551 3180 aspectu
569 3131 604 3167 ne
622 3116 754 3171 subtrahe
771 3121 872 3172 nostro.
920 3131 956 3173 ω

104 3175 189 3238 Quem
202 3182 291 3245 fugis?
304 3189 456 3239 extromum
471 3187 536 3252 isto,
548 3189 623 3256 qnod
639 3194 669 3244 te
685 3192 828 3261 adloquor,
839 3193 893 3249 hoc
904 3198 955 3254 est.
