2174 3502
80 338 113 438 st

381 160 565 208 AENEIDOS
582 160 650 208 LIB.
669 159 719 207 IX.
931 160 978 211 247

124 243 269 315 [Vertitur
287 259 363 296 arma
380 246 485 309 tenens,
504 245 533 294 et
550 245 610 296 toto
627 241 729 294 vertice
747 257 830 308 supra
848 241 912 309 ost}

126 321 188 376 Ceu
206 323 312 388 septem
331 335 446 386 surgens
463 317 567 372 sedatis
585 316 709 370 amnibus
727 316 799 370 altus
955 332 980 371 aa

125 397 184 451 Per
201 397 317 450 tacitum
335 395 452 462 Ganges,
470 397 518 447 aut
535 394 629 462 pingui
648 393 758 446 flumine
778 392 857 444 Nilus

126 473 200 528 Cum
217 471 311 526 refluit
327 471 429 540 eampis
447 474 476 524 et
493 471 547 524 iam
565 488 595 524 se
613 469 735 523 condidit
753 469 864 522 alveos

126 549 186 604 Hic
204 548 324 602 subitam
341 547 419 615 nigro
437 547 582 614 glomerari
600 546 712 614 pulvere
730 545 831 599 nubem

127 625 304 694 Prospieiunt
322 624 428 691 Teucri,
446 640 477 677 ac
494 623 623 676 tenebras
641 623 782 689 insurgere
800 621 910 689 eampis.

128 703 240 756 Primus
258 702 293 756 ab
311 701 427 755 adversa
444 700 593 753 conclamat
611 699 682 752 mole
700 698 810 752 Caicus:
956 713 981 752 ss

128 779 199 844 Quis
217 778 321 846 globus,
340 795 356 830 o
374 777 455 843 cives,
473 776 587 843 caligine
605 774 726 828 volvitur
742 777 817 828 atra!

128 857 215 910 Ferte
233 855 281 909 citi
299 855 411 921 ferrum,
430 852 495 906 date
512 852 575 916 tela,
593 849 733 904 ascendite
750 866 852 905 muros.

131 933 231 986 Hostis
248 932 334 999 adest,
353 930 429 984 heia!
451 927 561 996 Ingenti
579 927 696 980 clamore
715 926 869 994 peremnis

130 1009 262 1062 Gondnnt
280 1025 310 1061 se
328 1007 425 1060 Teucri
443 1009 544 1074 portas,
563 1007 592 1057 et
610 1003 717 1056 moenia
734 1002 868 1071 conplent.

129 1085 259 1153 Namque
277 1085 317 1136 ita
335 1082 478 1136 discedens
496 1082 675 1148 praeceperat
693 1081 820 1146 optumus
838 1079 921 1131 armis
957 1093 980 1130 io

131 1165 255 1216 Aeneas:
275 1161 297 1213 si
315 1176 371 1228 qua
388 1159 495 1212 interea
511 1157 622 1209 fortuna
639 1154 744 1222 fuisset,

130 1239 157 1291 N
160 1254 195 1291 cu
214 1241 321 1290 struere
340 1235 475 1288 auderent
492 1233 585 1296 aciem,
604 1247 658 1284 neu
676 1231 789 1283 credere
806 1247 916 1298 campo·;

130 1315 229 1369 Castra
247 1313 328 1366 modo
347 1315 375 1365 et
392 1315 469 1364 tutos
487 1310 629 1362 servarent
647 1323 748 1372 aggere
766 1322 865 1358 muros.

130 1392 215 1458 Ergo,
234 1389 287 1443 etsi
304 1389 428 1442 conferre
445 1402 556 1438 manum
574 1381 663 1451 pudor
679 1382 775 1448 iraque
793 1386 933 1446 inuaserat,

130 1467 274 1520 Obiiciunt
291 1467 384 1534 portas
402 1467 495 1516 tamen
513 1464 542 1514 et
560 1460 706 1528 praecepta
723 1457 868 1524 facessunt,
958 1473 982 1510 45

131 1545 299 1610 Armatique
317 1541 389 1594 caris
407 1540 567 1606 exspectant
584 1533 708 1588 turribus
725 1533 839 1588 hostem.

130 1621 246 1686 Turnus,
264 1621 296 1672 ut
313 1616 488 1670 antevolans
505 1613 614 1666 tardum
633 1613 819 1679 praecesserat
834 1625 941 1676 agmen,

132 1697 242 1764 Viginti
260 1693 339 1748 lectis
357 1692 481 1760 equitum
499 1689 645 1742 comitatus
663 1690 692 1740 et
709 1685 772 1739 urbi

132 1772 294 1842 Inprorisus
312 1770 406 1834 adest;
423 1766 535 1820 maculis
554 1780 635 1832 quem
654 1761 783 1814 'Phrac‘us
801 1761 870 1813 albis

132 1848 232 1900 Portat
251 1861 344 1914 equus,
363 1843 502 1909 cristaque
520 1840 591 1906 tegit
608 1838 687 1906 gaico
705 1853 787 1890 aurea
804 1835 894 1888 rubra.
960 1851 984 1888 so
1005 1855 1008 1861 ·

133 1923 236 1992 Ecquis
251 1921 312 1984 erit,
327 1915 442 1985 mecum,
456 1918 576 1981 iuvenes,
592 1913 639 1983 qui
657 1913 762 1982 primus
776 1911 803 1962 in
816 1911 957 1964 hostem--
975 1912 982 1965 i

133 2001 183 2064 En,
203 1999 249 2052 ait.
286 1997 322 2050 Et
339 1994 458 2048 iaculum
475 1995 637 2059 attorquens
654 1987 758 2042 emittit
775 1987 802 2038 in
820 2001 907 2051 auras,

133 2075 301 2144 Principium
319 2087 435 2140 pugnae,
454 2073 482 2122 et
501 2083 595 2135 campo
613 2081 674 2118 sese
692 2063 794 2116 arduus
812 2061 901 2114 insert.

133 2152 262 2206 Clamore
280 2148 419 2216 excipiunt
437 2145 509 2210 socii,
525 2142 693 2207 fremituque
711 2140 864 2204 sequuntur

136 2229 306 2290 Horrisono;
325 2225 459 2277 Teucrum
477 2219 612 2272 mirantur
630 2214 730 2268 inertia
747 2211 843 2266 corda:
962 2229 985 2267 ss

135 2305 199 2359 Non
217 2318 304 2370 aequo
323 2300 389 2353 dare
407 2314 436 2350 sc
454 2311 557 2364 campe,
573 2309 627 2345 non
646 2291 726 2344 obvia
742 2290 815 2342 ferre

136 2383 224 2436 Arma
235 2379 316 2444 viros,
329 2376 378 2429 sed
390 2378 479 2427 eastra
491 2372 588 2423 fovere.
618 2369 680 2421 Huc
692 2364 820 2418 turbidos
834 2368 918 2433 atque
932 2365 985 2416 hac

135 2459 250 2512 Lustrat
267 2471 338 2522 equo
356 2467 456 2518 muros,
475 2447 636 2511 aditumque
654 2460 704 2512 per
721 2441 781 2494 avia
799 2441 916 2508 quaerit.

112 2583 126 2604 ᾗ
136 2537 180 2588 Ac
197 2531 282 2584 veluti
300 2529 380 2597 pleno
398 2527 479 2593 lupus
496 2521 642 2574 insidiatus
660 2518 723 2570 ovili

136 2610 205 2664 Cum
223 2606 318 2660 fremit
336 2603 371 2656 ad
390 2601 488 2666 caulas,
507 2597 603 2651 rentes
620 2610 767 2663 perpessus
786 2596 815 2645 et
834 2590 937 2656 imbris,
963 2604 989 2641 eo

135 2687 224 2740 Nocte
242 2699 325 2750 super
342 2679 446 2741 media;
465 2675 519 2728 tuti
538 2671 588 2726 sub
606 2669 742 2724 matribus
760 2671 822 2735 agni

137 2761 264 2815 Balatum
282 2758 427 2818 exercent3
444 2752 490 2804 ille
508 2766 588 2818 asper
607 2751 635 2801 et
653 2745 783 2814 inprobus
801 2745 840 2796 ira

136 2837 229 2892 Saevit
246 2835 275 2887 in
293 2831 429 2894 absentis;
448 2828 561 2880 collecta
578 2825 677 2892 fatigat
695 2822 796 2876 edendi

139 2915 182 2967 Ex
199 2913 280 2978 longo
299 2908 396 2973 rabies,
415 2910 444 2959 et
462 2905 549 2957 siccae
566 2902 696 2969 sanguine
713 2900 846 2984 saueestq

141 2987 227 3044 Haud
245 2987 326 3040 aliter
344 2983 447 3036 Rutulo
465 2995 557 3032 mures
575 2982 604 3032 et
622 2981 712 3031 castra
729 2973 832 3029 tuenti‘
966 2981 992 3022 σε

138 3065 289 3133 Igneseunt
306 3061 379 3125 irae;
398 3057 474 3110 duris
493 3055 570 3108 dolor
588 3053 695 3108 ossibus
712 3051 800 3115 ardet,

138 3143 198 3207 Qua
216 3141 335 3205 temptet
352 3135 459 3188 ratione
476 3131 576 3195 aditus,
595 3135 624 3182 et
642 3143 712 3195 quae
730 3127 774 3178 via
792 3123 897 3176 clausos

138 3215 270 3282 Excutiat
288 3213 407 3264 Teucros
425 3208 496 3261 vallo
514 3208 598 3271 atque
616 3201 740 3255 effundat
757 3201 785 3251 in
804 3208 930 3264 aequum.
