2172 3506
103 165 151 214 306
332 160 361 207 i'.
380 157 532 207 VERGILI
551 156 717 207 MARONIS

100 239 401 309 &ungitslnusqso
421 239 492 292 indo
510 239 619 292 labente
637 239 776 306 relinquit.

102 317 152 371 Bis
171 317 250 370 'l'risci
274 317 391 372 Rutulos
412 332 494 384 egere
512 316 549 369 ad
570 317 675 369 moenis
694 332 803 378 versos;

105 394 150 446 liis
168 393 264 447 reiecti
284 395 367 448 armis
388 395 544 460 respectant
563 395 642 460 terga
661 396 794 459 tegentes.
918 409 958 448 see

100 469 194 523 Tertia
215 469 263 522 sed
282 473 427 538 postquam
447 468 585 536 congressi
603 467 631 520 iu
651 467 755 535 proelia
776 472 850 521 totas

102 545 257 614 lnplieuere
276 545 348 600 inter
370 561 399 598 se
420 543 500 610 acies,
520 543 643 612 legitque
662 543 750 595 rinnn
771 544 828 597 vir:

101 621 169 674 Turn
190 637 254 675 vero
273 626 302 675 et
320 621 439 689 gemitus
458 620 631 684 morientum,
644 622 673 672 et
689 619 821 686 sangnine
840 621 867 672 in
884 621 943 675 alto

101 698 243 766 Armaque
260 712 429 766 corporaque
450 698 479 749 et
497 695 627 764 permixti
648 695 731 748 caede
752 695 871 748 virorum

101 771 279 826 Semianimes
297 773 442 826 volvuntur
462 771 541 839 equi;
558 787 651 839 pugne
669 787 765 838 aspera
785 773 880 839 surgit.
916 789 956 827 ees

100 848 257 902 Orsilochus
278 849 395 915 Remuli,
418 847 527 916 quando
545 847 635 916 ipsum
656 845 786 899 horrebat
804 845 889 913 adire,

102 923 218 978 Hastam
240 924 349 978 intorsit
369 941 447 992 equo,
466 924 624 990 ferrumque
643 921 694 974 sub
714 938 780 975 aure
800 922 920 990 reliquit.

101 999 160 1063 Quo
180 1000 287 1068 sonipes
306 1001 363 1053 ictu
384 1001 451 1053 l'nrit
471 997 580 1063 arduus,
601 997 712 1066 altaque
733 998 816 1052 iactat

101 1074 228 1129 Volneris
246 1075 383 1144 inpatiens
403 1079 510 1128 arrecto
527 1077 639 1141 pectore
658 1090 744 1127 crura.

101 1150 228 1205 Volvitur
240 1151 286 1205 ille
307 1168 436 1206 exeussus
455 1150 538 1203 hurni.
574 1149 688 1202 Catillus
710 1149 803 1214 Iollan,
916 1167 957 1203 en

102 1226 302 1296 lugentemque
321 1228 425 1293 animis,
445 1227 583 1294 ingentem
602 1241 716 1294 corpore
735 1229 764 1279 et
782 1226 865 1278 armis

103 1303 201 1358 lieiicit
221 1303 403 1370 Herminium,
423 1302 497 1356 nudo
517 1301 561 1354 cui
580 1300 682 1354 vertice
703 1299 775 1353 fulva

101 1378 247 1445 Caesaries,
266 1379 387 1446 nudique
405 1378 528 1440 humeri,
544 1393 595 1430 nec
613 1375 723 1429 volnera
740 1381 859 1441 terrent;

102 1455 203 1507 'imitus
221 1456 249 1507 in
268 1471 344 1508 anuo
361 1459 445 1524 patet.
483 1453 566 1506 Latos
584 1452 647 1506 huic
665 1451 744 1504 hasta
761 1468 810 1520 per
828 1469 919 1506 nrrrros

102 1533 173 1582 Actu
191 1530 292 1596 tremit,
312 1530 488 1598 duplicatque
505 1529 593 1580 virum
612 1527 744 1580 transfixa
762 1527 861 1582 dolore.
914 1543 955 1582 oie

58 1657 61 1663 ,
102 1605 239 1657 Funditur
256 1609 317 1659 ster
334 1605 437 1674 ubique
455 1620 552 1667 eruor3
571 1603 638 1656 dant
656 1603 753 1656 funera
769 1603 843 1656 ferro

101 1680 253 1748 (lerientes,
271 1681 467 1749 pulchramque
484 1682 585 1748 petunt
603 1695 653 1747 per
670 1678 781 1732 volnera
799 1684 922 1733 mertem.

139 1759 176 1810 At
194 1756 297 1810 mediae
315 1756 388 1810 inter
404 1755 503 1810 caedes
520 1755 642 1808 exsultat
661 1755 790 1822 Amazon,

103 1831 194 1886 Unum
212 1836 322 1886 exserta
340 1832 411 1885 latus
429 1847 544 1900 pugnae,
562 1831 723 1899 pharetrata
742 1830 873 1895 Crmrilla3

104 1909 138 1961 nt
155 1925 226 1962 nurse
244 1908 318 1961 lenta
336 1925 418 1960 manu
437 1923 567 1976 spargens
585 1905 694 1960 hastilia
712 1906 816 1972 denset,
915 1922 955 1960 oso

101 1984 125 2036 N
129 1999 180 2036 unc
198 1983 315 2036 validam
333 1984 433 2036 dextra
450 1983 523 2050 rapit
540 1982 677 2035 indefessa
694 1981 857 2050 bipenncnu

104 2063 211 2112 Arueus
229 2076 263 2114 ex
280 2059 393 2112 humero
412 2062 490 2112 sonat
508 2074 586 2111 arcus
605 2061 634 2112 et
652 2073 727 2110 arina
747 2057 856 2111 Dionae.

105 2135 153 2187 illa
171 2136 261 2203 etiam,
280 2136 302 2188 si
321 2135 431 2204 quando
448 2134 475 2187 in
493 2138 602 2201 tergum
621 2134 699 2202 pulsa
716 2134 838 2199 recessit,

101 2211 209 2278 spicula
227 2228 357 2264 converso
375 2210 507 2278 fugientia
525 2209 620 2278 dirigit
637 2226 707 2262 arcu.

104 2291 142 2340 At
159 2288 259 2339 circum
278 2286 365 2340 lectae
383 2287 504 2350 comites,
524 2285 678 2352 Larinaque
695 2286 772 2352 virgo
914 2300 954 2338 oss

100 2362 231 2430 Tullaque
249 2366 278 2416 et
296 2367 417 2416 aeratam
436 2363 563 2429 quatiens
581 2361 697 2429 Tarpeia
715 2360 839 2426 meurim,

103 2437 223 2502 Italides,
243 2453 310 2505 qnos
328 2437 387 2505 ipsa
405 2437 489 2490 decus
507 2436 559 2490 sibi
578 2436 624 2489 dia
642 2435 757 2490 Carnilla

102 2512 218 2581 Delegit,
236 2513 364 2581 pacisque
383 2513 467 2566 bonas
484 2512 605 2581 bellique
623 2512 777 2565 ministras:

101 2590 200 2654 Quales
219 2588 358 2643 Threiciae
375 2606 436 2643 cum
455 2589 566 2642 flumina
584 2586 795 2640 Thermodontis

102 2665 214 2718 l'ulsant
232 2668 260 2718 ot
278 2666 359 2732 pictis
377 2664 514 2718 bellantur
532 2665 685 2716 Ammonos
703 2662 794 2726 aruris,
914 2677 953 2714 eru

101 2742 154 2794 ileu
171 2741 273 2794 circum
294 2740 468 2808 Hippolyten,
487 2755 615 2793 seucum
633 2756 663 2793 se
682 2738 784 2792 Martio
801 2753 883 2790 curru

102 2815 274 2870 Penthesilea
292 2816 387 2883 refert,
406 2831 560 2884 magnoque
578 2815 700 2868 ululemtc
718 2813 838 2867 tumultu

102 2891 230 2945 Femineo
247 2892 387 2944 exsultant
404 2891 505 2944 lunatis
522 2891 631 2958 agmina
648 2891 736 2958 peltis
754 2919 778 2968 q

25 2970 29 2977 '
100 2965 186 3026 Quem
205 2966 261 3018 telo
279 2966 405 3034 primum,
424 2983 504 3034 quem
524 2972 700 3033 postrenmm,
719 2981 816 3033 impera
834 2965 920 3032 virge,

101 3038 219 3092 Delieisi
232 3053 280 3093 aut
293 3046 360 3108 quot
373 3042 447 3095 humi
460 3043 605 3095 morientia
616 3058 729 3109 corporo
741 3041 853 3095 l'undisl
914 3055 954 3097 aas

99 3109 221 3165 liuneum
241 3113 329 3180 Clytio
347 3117 464 3183 prinmm
483 3121 579 3183 patre,
597 3117 673 3169 euius
691 3122 818 3184 apertum

99 3183 216 3238 Adversi
234 3187 316 3254 longa
334 3191 538 3246 transverberat
555 3192 647 3247 abiete
666 3201 772 3263 lectus.
