2154 3518
349 179 536 234 BUUOLIGA.
568 179 643 231 ueL.
670 183 718 231 lv.

121 260 223 327 Ubera,
241 275 292 314 nee
308 275 422 327 magnos
439 264 565 316 metuent
584 264 709 314 armento
726 260 824 314 leones.

120 338 187 407 lpse
203 335 256 390 tibi
273 335 388 389 blandos
405 335 521 391 fundent
539 336 673 392 cunabula
690 336 777 391 flores.

120 413 236 468 Occidet
253 414 283 466 et
300 429 419 481 serpens,
438 416 466 466 et
484 414 567 468 fallax
585 413 670 468 herbe
689 413 785 468 veneni

120 489 250 554 Occidet;
274 489 417 556 Assyrium
435 491 513 558 volgo
531 494 659 544 noscetur
677 507 820 544 amomum.
950 506 975 545 es

120 569 162 620 At
180 565 260 619 simul
279 565 391 618 heroum
410 566 504 620 laudes
523 571 552 622 et
569 568 642 621 fecte
659 567 781 636 parentis

121 643 182 696 Iam
200 642 291 709 legere
309 644 338 694 et
358 658 429 710 qnae
445 643 481 695 sit
498 643 602 712 poteris
622 659 782 710 cognoscere
800 643 895 711 virtus,

119 719 198 772 Molli
215 719 347 787 paulatim
365 719 494 772 flavescet
513 736 623 788 campus
643 719 734 781 arista,

120 794 291 864 Incultisque
309 794 409 850 rubens
426 795 559 863 pendebit
578 794 700 849 sentibus
717 812 776 863 uve„

119 871 156 923 Et
174 870 260 925 durae
278 889 394 941 quercus
413 872 551 926 sudabunt
569 871 676 925 roscida
693 871 779 925 melle„
948 888 972 925 eo

120 946 211 1002 Pauca
228 951 321 1002 temen
339 948 472 1002 suberunt
489 949 595 1016 priscae
614 948 728 1015 vestigio
745 948 856 1015 fraudis,

14 1069 18 1080 .
66 1087 68 1091 .
119 1021 196 1085 Quae
214 1028 352 1094 temptare
370 1024 478 1078 Thetim
498 1025 610 1093 ratibus,
630 1041 700 1095 quac
719 1024 827 1092 cingere
845 1025 930 1078 muris

119 1097 234 1168 Oppida,
254 1118 325 1170 queo
342 1100 455 1154 iubeant
472 1102 565 1155 telluri
583 1102 719 1155 infindere
736 1101 828 1153 sulcos.

119 1175 201 1228 Alter
219 1177 272 1231 erit
290 1181 350 1230 tum
369 1177 475 1245 Tiphys,
495 1177 629 1230 etaltera
648 1193 718 1244 queo
737 1177 818 1230 vehet
837 1179 914 1244 Argo

112 1251 247 1306 ,Delectos
264 1253 376 1320 heroes3
395 1258 476 1307 erunt
494 1255 578 1307 etiam
597 1255 684 1307 altero
702 1253 780 1320 belle,
947 1270 971 1306 er.

119 1328 215 1394 Atque
234 1329 389 1383 iterumad
408 1330 516 1382 Troiam
534 1347 649 1396 magnus
668 1330 795 1382 mittetur
814 1329 941 1382 Achilles.

119 1402 200 1470 Hinc,
218 1402 265 1457 ubi
283 1404 337 1457 iam
355 1405 464 1457 firmata
481 1406 569 1457 virum
586 1409 616 1458 te
633 1406 730 1458 fecerit
750 1409 831 1470 uetes,

118 1478 207 1532 Cedet
226 1481 255 1532 et
274 1480 332 1548 ipse
349 1480 418 1533 mori
436 1484 536 1549 vector,
555 1497 605 1534 nec
623 1483 731 1534 nautica
749 1481 828 1549 pinus

117 1553 240 1609 Mutabit
258 1573 375 1611 merces:
395 1557 481 1610 omnis
500 1556 571 1611 feret
589 1558 678 1610 omnia
695 1557 783 1610 tellus.

116 1633 180 1686 Non
199 1636 301 1686 rastros
319 1634 441 1702 patietur
458 1633 564 1701 humus,
582 1650 635 1686 non
653 1634 732 1687 vinee
750 1633 860 1699 falcem,
952 1652 974 1688 ’.υ

117 1707 258 1762 Robustus
277 1725 385 1778 quoquc
402 1709 456 1764 iem
475 1710 561 1763 tauris
578 1709 643 1777 iuge
661 1710 747 1764 solvet
765 1712 871 1775 arator,

116 1784 175 1838 Nec
193 1785 282 1838 varios
301 1786 389 1839 discet
407 1786 518 1838 mentiri
536 1786 599 1839 lene
617 1787 728 1852 colores,

117 1859 182 1929 Ipse
201 1860 250 1914 scd
267 1863 296 1914 in
313 1862 401 1929 pratis
419 1862 490 1915 ories
507 1863 562 1916 iem
581 1879 663 1916 suave
682 1862 790 1916 rubenti

117 1937 230 2005 Murice,
248 1938 302 1990 iam
321 1955 415 1991 croceo
433 1939 553 1992 mutabit
570 1939 672 1992 vellere
689 1939 762 2003 luto;

117 2011 220 2082 Sponte
238 2031 287 2066 sua
305 2013 409 2080 sandyx
428 2015 564 2082 pascentis
582 2015 682 2068 vestiet
700 2031 789 2082 agnos.
945 2029 969 2066 45

116 2087 191 2142 Telia
210 2090 307 2154 saecla,
326 2088 381 2142 suis
399 2089 538 2157 dixerunt,
556 2089 666 2156 currite,
684 2090 751 2142 fusis

117 2164 272 2218 Concordes
291 2164 382 2217 stabili
400 2164 519 2217 fetorum
537 2165 648 2218 numine
668 2166 775 2218 Parcae.

117 2241 281 2308 Adgredere
299 2257 315 2292 o
333 2241 572 2308 magnos-ederit
590 2241 644 2294 iem
662 2243 928 2311 tempus—honores,

116 2317 188 2371 Care
206 2316 288 2371 deum
306 2316 421 2383 suboles,
440 2333 568 2385 magnum
588 2317 661 2371 Iovis
679 2317 891 2372 incrementum!

117 2393 219 2461 Aspice
237 2409 356 2447 convexo
374 2397 517 2448 nutantem
536 2394 658 2462 pondere
676 2394 815 2457 mundum,
944 2409 968 2448 so

116 2471 270 2539 Terraeque
288 2473 450 2538 tractusque
468 2471 552 2522 meris
570 2471 730 2539 caelumque
748 2470 920 2538 profundum,

116 2546 225 2616 Aspice,
242 2551 358 2602 venturo
375 2547 514 2601 lactantur
531 2550 563 2600 ut
581 2547 671 2600 omnie
689 2547 792 2600 saeclo!

117 2621 140 2674 0
161 2623 227 2675 mihi
246 2627 303 2676 tam
321 2622 417 2690 longae
435 2626 545 2676 maneat
562 2639 626 2692 pars
644 2623 741 2677 ultima
760 2624 840 2689 vitae,

116 2699 233 2766 Spiritus
252 2702 288 2766 et,
306 2702 439 2768 quantum
459 2704 501 2753 set
521 2701 574 2752 erit
592 2702 641 2752 tua
659 2700 750 2753 dicere
768 2700 851 2755 fecte:
928 2737 930 2742 -

115 2773 178 2827 Non
197 2791 241 2828 me
259 2776 422 2829 carminibus
440 2777 531 2829 vincet
548 2792 598 2828 nee
616 2776 747 2830 Thracius
764 2775 897 2843 Orpheus,
943 2789 967 2828 55

116 2850 141 2904 N
143 2867 174 2904 ec
187 2851 279 2919 Linus,
291 2852 353 2904 huie
366 2856 454 2906 mater
467 2852 590 2920 quamvis
602 2855 686 2920 atque
698 2851 761 2904 huic
775 2855 855 2919 pater
872 2849 953 2916 adsit,

116 2925 219 2994 Orphei
239 2928 383 2997 Calliopea,
402 2929 471 2981 Lino
488 2929 622 2981 formosus
641 2928 746 2996 Apelle.

116 3001 174 3056 Pan
192 3003 283 3069 etiem,
303 3005 423 3057 Arcadia
440 3021 545 3058 mecum
564 3004 587 3057 si
605 3004 694 3058 iudice
712 3007 808 3070 certet,

115 3077 173 3132 Pan
192 3079 276 3133 etiam
297 3080 417 3133 Arcadia
435 3080 508 3133 dicat
526 3096 555 3132 se
573 3079 663 3133 iudice
681 3079 790 3132 victum.

116 3154 219 3223 Incipe,
238 3172 321 3223 parre
339 3172 414 3224 puer,
432 3156 489 3208 risu
507 3171 670 3222 cognoscere
688 3156 818 3207 matrem:
938 3167 965 3208 eo

116 3229 202 3284 Matri
220 3231 300 3298 longe
317 3231 413 3285 decem
430 3232 553 3284 tulerunt
570 3231 682 3284 fastidio
700 3245 823 3290 mensem
