2172 3506
123 136 170 184 258
361 131 389 180 P.
409 131 562 180 VERGILI
579 131 745 182 MARONIS

124 214 245 282 Quisque
263 228 333 280 suas,
350 211 488 281 variisque
505 217 607 267 acuunt
624 214 780 268 rumoribus
795 216 858 270 iras

124 291 195 354 Quin
213 290 274 358 ipsa
291 289 498 344 arrectis—visu
515 289 734 343 miserabile-in
751 291 838 346 hastis
939 307 976 347 ses

124 366 284 433 l'ruefiguut
302 365 393 433 capita
410 368 439 418 et
456 365 542 418 multo
560 365 677 420 clamore
695 371 846 436 sequuntur

124 441 235 510 Euryali
253 445 282 496 et
300 441 368 495 Nisi.

124 518 272 572 Aeneadae
290 517 353 571 duri
369 533 509 570 murorum
526 517 554 571 iu
571 522 651 586 parte
669 518 779 572 sinistra

123 593 282 663 Opposuere
301 593 492 660 aciem—uam
511 587 627 647 dextera
644 595 762 661 cingitur
779 596 891 647 amni-

123 670 303 739 Ingentisque
321 673 417 723 tenent
436 670 529 736 fossas,
548 674 577 722 et
593 670 716 722 turribus
734 669 795 722 altis
911 691 914 696 ¹
937 685 975 726 470

124 748 205 800 Stant
224 747 337 812 maesti;
360 746 440 799 simul
459 762 506 798 ora
524 747 612 798 virum
630 747 752 814 praelixa
769 747 925 812 movebant,

123 822 197 876 Nota
216 823 296 875 nimis
314 823 422 876 miseris
439 825 554 888 atroque
573 821 685 874 fluentia
703 821 773 874 tabo.

158 899 270 952 Interea
287 899 415 967 pavidam
433 898 549 952 volitans
567 902 687 966 pennata
703 915 752 966 per
769 899 865 952 urbem

124 975 227 1027 Nuntia
245 975 332 1028 Fama
348 975 412 1040 ruit,
430 974 580 1042 matrisque
598 974 736 1027 adlabitur
754 975 827 1027 auris

124 1051 239 1119 Euryali.
276 1052 316 1103 At
334 1050 441 1103 subitus
459 1051 573 1102 miserae
591 1051 664 1103 calor
683 1067 742 1103 essa
760 1050 886 1118 reliquit;
937 1067 974 1106 aa

125 1126 236 1179 Excussi
255 1127 379 1179 manibus
397 1127 474 1190 radii,
492 1126 669 1193 revolutaque
686 1143 776 1195 pensa.

124 1201 220 1255 Evolat
238 1203 340 1266 infelix,
358 1205 387 1255 et
404 1203 520 1254 femineo
537 1201 650 1268 ululatu,

124 1278 213 1331 Scissa
230 1295 341 1344 comam,
360 1294 452 1330 muros
469 1294 563 1330 amens
581 1281 664 1345 atquo
682 1279 789 1345 agrarina
806 1295 889 1332 eursu

124 1353 216 1407 Prima
233 1355 313 1424 petit,
330 1371 383 1408 non
402 1354 447 1406 illa
466 1353 560 1419 virum,
578 1371 630 1405 non
649 1354 695 1406 illa
712 1355 807 1423 pericli

125 1430 303 1499 Telorumque
321 1447 438 1494 mernor;
462 1429 567 1482 caelum
586 1429 684 1482 dehinc
702 1430 843 1498 questibus
862 1430 964 1499 inplet:

126 1507 206 1560 Hune
224 1523 274 1574 ego
293 1510 328 1571 te,
348 1506 470 1572 Euryale,
488 1505 607 1572 aspicioi
633 1509 697 1558 tune
714 1506 760 1559 ille
778 1511 905 1560 senectae

125 1583 191 1635 Sera
209 1599 285 1634 meac
303 1583 419 1650 requies,
439 1581 551 1649 potuisti
570 1581 693 1649 linquere
712 1582 802 1647 solam,

125 1657 266 1711 Crudelisl
290 1675 339 1711 nec
357 1662 393 1724 tc,
412 1658 462 1710 sub
480 1661 558 1710 tanta
575 1657 696 1725 pericula
712 1658 832 1725 missum,

126 1733 222 1786 aldiari
240 1738 393 1786 extremum
412 1735 527 1786 irriserae
546 1733 612 1786 data
630 1735 707 1802 copia
725 1735 823 1788 metrii

126 1809 195 1871 Heu,
213 1815 288 1862 terre
305 1811 398 1877 ignota
416 1809 527 1862 canibus
545 1809 609 1862 date
627 1810 729 1877 praeda
747 1809 852 1863 Latinis
936 1825 971 1864 rea

126 1886 300 1954 Alitibusquc
318 1886 401 1938 iaces!
427 1901 475 1937 nec
493 1889 522 1938 te
540 1889 589 1937 tua
606 1885 701 1938 funera
718 1889 807 1938 mater

126 1961 252 2027 Produxi,
270 1963 391 2030 pressive
408 1961 506 2027 oculos,
525 1966 573 2015 aut
591 1962 704 2014 volnera·
717 1962 778 2027 lavi,

125 2037 211 2090 Veste
229 2044 331 2105 tegens,
350 2038 399 2091 tibi
419 2054 500 2106 quam
518 2041 611 2090 nectes
629 2037 728 2090 festina
745 2037 860 2106 diesque

125 2113 283 2181 Urguebam
301 2118 330 2167 ct
347 2114 403 2167 tela
420 2128 498 2166 curas
516 2112 622 2165 solabar
639 2113 724 2166 anilis.

125 2189 185 2252 Quo
206 2191 321 2258 sequarl
346 2193 394 2242 aut
412 2205 482 2258 quae
500 2206 572 2242 nunc
589 2193 665 2242 artus
684 2190 829 2257 avolsaque
846 2192 974 2246 membra

125 2266 161 2318 Et
178 2267 259 2318 funus
276 2266 396 2318 lacerum
413 2264 496 2318 tellus
514 2265 615 2318 habeti
640 2265 701 2318 Hoc
718 2265 785 2317 mihi
803 2265 838 2318 de
856 2270 894 2332 te,

124 2342 205 2407 Nae
224 2341 325 2394 refers?
349 2341 399 2393 hoc
417 2357 477 2392 sum
495 2345 623 2428 terraque
641 2341 765 2408 marique
782 2345 893 2396 secutal

126 2417 215 2485 Figite
232 2433 283 2483 me,
303 2417 325 2468 si
343 2433 397 2483 qua
415 2419 458 2470 est
475 2417 595 2504 pietas'
587 2435 616 2470 1n
633 2433 677 2470 me
695 2418 785 2470 omnia
802 2417 859 2470 tela

125 2492 265 2559 Coniieite,
284 2509 300 2545 o
319 2492 424 2558 Rutuli,
442 2509 486 2546 me
504 2493 621 2561 primam
639 2493 758 2546 absumit
746 2497 775 2546 te
792 2494 880 2559 ferr03

127 2572 185 2622 Aut
203 2573 241 2634 tu,
260 2585 357 2636 magne
375 2572 455 2636 pater
473 2569 573 2635 divom,
591 2569 727 2634 miserere,
745 2573 849 2637 tuoque
936 2562 974 2624 les
1079 2533 1082 2636 l

125 2644 247 2697 Invisum
265 2643 315 2697 hoe
334 2644 382 2697 det
383 2644 451 2697 rude
469 2648 551 2712 caput
569 2644 619 2697 sub
637 2644 752 2698 Tartara
769 2645 832 2712 telo,

125 2720 239 2783 Quando
257 2720 338 2774 aliter
356 2736 462 2786 nequeo
480 2720 619 2773 crudelem
637 2720 800 2790 abrumpere
818 2723 910 2775 vitam.

126 2797 187 2848 lloc
205 2796 272 2848 lietu
289 2796 411 2848 concussi
430 2796 520 2864 animi,
538 2800 712 2865 maestusque
730 2814 780 2865 per
797 2797 886 2850 omnis

126 2872 155 2924 Ιι
171 2872 305 2938 gemitum
328 2874 439 2938 torpent
456 2872 588 2926 infractae
606 2873 642 2926 ad
659 2873 762 2940 proelia
780 2874 859 2926 vires.

126 2946 205 2998 Illam
222 2947 411 3000 incendentem
430 2948 519 3000 luctus
540 2949 639 3001 Idaeus
657 2953 686 3001 et
706 2951 792 3002 Actor
937 2964 976 3003 soo

127 3020 222 3073 llionei
240 3023 344 3075 monitu
362 3027 390 3075 et
408 3023 523 3075 multum
539 3024 706 3077 lacrimantis
725 3025 778 3076 Iuli

127 3094 292 3163 Corripiunt‚
305 3099 431 3166 interque
450 3114 544 3150 manus
564 3098 614 3150 sub
632 3104 706 3153 tecta
724 3105 868 3170 reponunt.

161 3172 201 3222 At
219 3172 286 3224 tuba
304 3173 456 3226 terribilem
475 3175 592 3227 sonitum
611 3177 704 3242 procul
723 3193 787 3230 aero
805 3194 904 3232 canoro

41 3262 86 3272 ..ιι
