2174 3502
93 147 138 194 166
325 141 355 191 Ρ.
374 140 526 190 VERGILI
544 139 711 188 MARONIS

94 230 232 298 Instigant
250 227 358 296 studiis,
377 229 541 296 resonatque
559 225 716 294 fragoribus
733 226 836 281 aether.

93 308 132 361 Hi
149 307 288 375 proprium
307 305 390 359 decus
409 309 439 358 et
456 310 566 373 partum
584 303 762 371 indignantur
779 305 910 360 honorem

94 385 129 436 ni
147 385 267 450 teneant,
286 381 427 449 vitamque
447 380 542 433 volunt
561 397 611 448 pro
629 380 711 433 laude
728 382 842 448 pacisci;
915 397 954 436 aue

94 461 153 514 Hos
172 473 311 513 successus
329 457 395 510 alit:
414 461 537 526 possunt,
557 458 621 526 quia
638 473 717 525 posse
735 457 872 512 videntur.

95 537 130 590 llt
147 536 204 589 lars
222 535 346 603 aequatis
363 534 501 603 cepissent
518 535 639 602 praemia
656 534 760 602 rostris,

94 613 130 666 Ni
147 614 251 681 palmas
269 615 353 680 ponto
372 609 491 664 tendens
510 615 642 680 utrasque
662 610 813 664 Cloanthus

94 689 278 757 Fudissetque
296 705 399 756 preces,
419 687 552 757 dirosque
571 688 600 740 in
618 690 682 741 rota
699 692 835 740 vocasset:

1 808 3 813 ,
93 766 136 832 Di,
150 766 249 834 quibus
266 766 402 833 inperium
421 758 511 834 pelagi
530 769 580 830 est,
597 780 713 834 quorum
731 779 850 832 aequora
865 778 952 826 curre,

94 842 179 895 Vobis
198 843 285 896 laetus
297 859 353 910 ego
372 841 423 895 hoc
441 841 604 895 candentem
622 842 651 894 in
668 841 749 895 litore
767 844 877 894 taurum

94 919 265 972 Constituam
284 924 347 972 ante
366 935 435 986 aras,
455 919 511 970 voti
529 935 600 986 reus,
619 923 738 988 extaque
756 917 841 970 salsos

95 995 241 1048 Porrieiam
258 997 287 1048 in
305 995 404 1048 fluctus
424 997 452 1048 et
471 996 532 1048 vina
551 995 685 1062 liquentia
702 994 821 1048 hindam.

94 1072 178 1137 Dixit,
197 1088 315 1140 eumque
332 1073 395 1125 imis
414 1071 465 1126 sub
485 1070 612 1125 fluctibus
630 1072 717 1126 audiit
735 1072 822 1125 omnis

94 1147 245 1201 Nereidum
264 1148 416 1216 Phorcique
434 1149 532 1202 chorus
551 1147 732 1217 Panopeaque
750 1149 834 1216 ringo,
919 1163 950 1200 ae

94 1224 130 1277 Ilt
147 1228 227 1293 pater
245 1225 304 1292 ipso
321 1241 404 1278 manu
421 1241 519 1292 magna
539 1225 675 1278 Portunus
694 1226 805 1278 cuntem

95 1300 212 1369 inpulit3
231 1301 277 1354 illa
296 1301 322 1354 N
324 1304 370 1354 oto
389 1301 470 1354 citius
488 1300 645 1370 volucrique
663 1301 764 1368 sagitta

96 1377 141 1428 Ad
160 1381 261 1430 terram
280 1378 358 1446 fugit,
377 1394 393 1430 c
425 1382 507 1446 portu
526 1394 555 1430 se
574 1377 696 1431 condidit
713 1376 778 1431 alto.

95 1453 162 1506 Tum
181 1458 256 1506 satus
277 1455 404 1522 Anchisa,
424 1454 529 1507 cunetis
547 1471 582 1507 ex
600 1469 676 1507 moro
696 1453 805 1520 vocatis,

96 1529 234 1582 Victorem
253 1546 352 1597 magna
369 1531 509 1598 praeconis
527 1545 593 1583 vocc
614 1529 777 1583 Cloanthum
918 1541 960 1582 ete

96 1604 231 1672 Dederat,
250 1605 384 1674 viridique
406 1606 516 1660 advelat
534 1609 660 1674 tempora
677 1605 769 1670 lauro;

96 1681 267 1751 Muneraquc
285 1682 313 1734 in
332 1684 408 1736 navis
427 1687 520 1736 ternos
540 1685 636 1750 optare
654 1683 780 1736 iuvencos

97 1758 221 1825 Vinaque
240 1762 268 1812 et
287 1759 395 1826 argenti
415 1775 544 1827 magnum
564 1758 613 1812 dat
630 1759 702 1812 ferre
721 1758 862 1812 talentum.
922 1789 924 1792 .

98 1834 169 1900 Ipsis
186 1836 345 1903 praecipuos
364 1834 525 1888 ductoribus
545 1834 624 1888 addit
640 1835 771 1888 honores:
857 1847 860 1856 ⁴

97 1910 201 1964 Victori
220 1911 389 1980 chlamydem
408 1914 540 1978 auratam,
562 1927 644 1980 quam
659 1911 777 1978 plurima
788 1908 890 1962 circum
918 1921 959 1962 ato

98 1986 221 2054 Purpura
240 1987 389 2040 Maeandro
408 1987 509 2056 duplici
528 1986 664 2040 Meliboea
682 1986 809 2053 cucurrit,

98 2063 280 2130 lntextusque
298 2080 367 2132 puer
384 2063 514 2116 frondosa
532 2063 624 2130 regius
644 2060 696 2114 Ida

98 2139 205 2192 Velocis
223 2140 309 2193 iaculo
327 2157 420 2193 cervos
438 2155 574 2208 cursuque
590 2139 696 2206 fatigat,

101 2219 179 2282 Acer,
198 2216 337 2270 anhelanti
355 2217 457 2283 similis,
478 2232 560 2284 quem
578 2231 692 2284 praepes
710 2213 745 2268 ab
764 2214 817 2267 Ida

99 2291 246 2345 Sublimem
265 2292 381 2359 pedibus
400 2293 491 2362 'rapuit
510 2291 584 2345 Iovis
603 2291 721 2364 armiger
738 2291 829 2355 uncis;
921 2303 960 2341 aas

100 2367 235 2434 Longaevi
253 2367 356 2435 palmas
374 2370 540 2438 nequiquam
559 2368 595 2422 ad
612 2367 703 2421 sidera
720 2366 839 2421 tendunt

100 2442 241 2509 Custodes,
259 2445 400 2513 saevitque
421 2461 519 2498 canum
538 2445 655 2498 latratus
673 2444 701 2497 in
719 2459 805 2497 auras.

101 2520 140 2572 At
159 2520 204 2587 qui
223 2519 324 2574 deinde
342 2521 431 2574 locum
450 2521 540 2575 tenuit
557 2520 661 2574 virtute
679 2519 835 2585 secundum,

101 2595 218 2649 Levibus
236 2597 300 2650 huic
318 2598 405 2651 hamis
425 2601 578 2652 consertam
596 2612 718 2664 aureque
736 2596 853 2651 trilicem

101 2673 232 2739 Loricam,
252 2691 334 2741 quam
355 2674 485 2727 Demoleo
504 2673 665 2728 detraxerat
681 2672 741 2740 ipse
925 2683 963 2721 2⁶0

102 2749 196 2801 Victor
214 2749 287 2816 apud
306 2750 432 2817 rapidum
451 2751 591 2804 Simoenta
608 2747 660 2802 sub
679 2747 732 2800 Ilio
749 2747 813 2813 alto,

103 2825 192 2877 Donat
210 2824 312 2878 habere
331 2825 399 2893 viro,
418 2825 502 2880 decus
521 2831 551 2881 et
568 2828 692 2880 tutamen
710 2823 739 2878 in
757 2823 846 2877 armis.

102 2899 155 2952 Vix
174 2900 247 2954 illam
265 2901 360 2954 famuli
379 2901 505 2968 Phegeus
524 2900 688 2970 Sagarisque
707 2899 834 2953 ferebant

102 2975 290 3043 Multiplicem,
309 2976 416 3030 connixi
434 2977 570 3042 humeris;
586 2976 699 3033 indutus
718 2978 748 3028 at
766 2975 830 3030 olim

22 3076 61 3104 ι
103 3050 248 3105 Demoleos
266 3068 347 3106 eursu
365 3053 482 3122 palantis
501 3053 584 3106 Troas
603 3051 708 3120 agebat.
931 3065 966 3102 θῦε

106 3124 195 3177 7*ertia
212 3125 284 3180 dona
301 3128 367 3181 facit
383 3129 506 3195 geminos
525 3145 559 3181 ex
578 3145 641 3180 aere
659 3127 773 3193 lebetas,

138 3197 271 3270 rabieque
289 3206 402 3272 argento
420 3203 542 3274 perfecta
560 3206 643 3276 atquc
661 3219 757 3272 aspera
776 3203 867 3272 signis.
