2172 3506
404 119 589 168 Anuulnos
606 120 674 170 ms.
693 121 743 170 x1.
939 126 981 174 307
1054 77 1057 196 ’ξ

118 196 279 272 'Sanguinis
297 203 342 258 ille
360 220 471 258 romeus
489 201 561 255 rivos
579 201 660 269 cadit,
679 205 763 272 atque
780 210 921 258 cruentam
1056 265 1058 274 x

131 280 243 335 Mandit
260 279 382 350 humum,
400 279 573 347 moriensque
590 295 639 332 suo
659 295 688 332 se
706 277 734 331 in
753 279 863 335 volnere
887 289 985 337 versat.
1057 289 1059 336 Ι

133 361 202 412 Tum
215 359 308 426 Lirim,
322 358 511 426 Pagasumque
524 373 621 425 super;
634 373 748 426 quorum
760 359 830 413 alter
841 360 960 415 habenas
1057 353 1060 400 ἶ

135 436 254 490 Suffosso
271 435 412 489 revolutus
430 453 500 504 equo
519 435 584 486 dum
603 433 712 502 colligit
732 436 801 490 alter
951 453 985 491 on
1060 459 1061 476 ¹

135 515 209 570 Dum
228 512 302 567 subit
320 531 351 567 ac
370 514 496 567 dextram
514 513 619 567 labenti
637 514 727 568 tendit
744 514 882 580 inermem,
1060 505 1061 512 ¹

136 592 304 659 Praecipites
321 594 480 662 pariterque
498 596 588 646 ruunt.
625 592 676 646 His
695 595 773 646 addit
793 595 951 646 Amastrum
1060 551 1062 598 !

136 669 323 738 Hippotaden,
342 672 521 739 sequiturque
539 671 697 724 incumbens
716 673 820 724 eminus
839 669 918 722 hasta

136 745 277 814 Tereaque
296 746 535 815 Harpalycumque
558 751 587 800 ct
610 746 818 815 Demophoonta
837 744 987 800 Chremim-

207 839 278 891 que;
952 835 989 873 eru

137 899 265 966 Quotque
283 900 383 952 emissa
400 916 482 952 uranu
499 901 632 954 contorsit
651 900 754 969 spicula
771 901 854 967 virgo,

137 969 190 1027 'Pet
208 973 318 1043 Phrygii
337 975 460 1029 cecidere
479 974 538 1028 viri.
577 975 674 1029 Procul
694 975 814 1044 Ornytus
831 975 915 1029 armis

139 1050 245 1118 Ignotis
263 1056 292 1104 et
310 1068 381 1120 equo
399 1055 512 1104 venator
531 1052 632 1120 Iapyge
650 1053 744 1118 fertur,

139 1127 190 1180 Oui
207 1127 286 1198 pellis
304 1128 375 1182 latos
392 1128 519 1181 humeros
538 1133 633 1196 crepta
651 1129 764 1182 iuvenco

139 1203 289 1271 Pugnatori
308 1204 404 1272 operit,
422 1207 504 1272 caput
522 1205 618 1271 ingens
635 1205 691 1257 oris
708 1205 800 1259 hiatus
953 1217 988 1254 eas

139 1280 177 1332 ut
195 1280 282 1334 malac
299 1284 394 1334 texere
412 1280 470 1348 lupi
488 1297 550 1332 curu
568 1280 697 1334 dentibus
714 1281 791 1347 albis,

140 1356 323 1425 Agrestisque
340 1373 436 1410 manus
454 1360 542 1410 armat
561 1373 671 1424 sparum
688 1357 747 1425 ipse
766 1355 882 1410 catervis

141 1431 268 1504 Vertitur
285 1433 313 1486 iu
331 1432 436 1499 mediis,
454 1437 483 1487 et
501 1436 560 1485 toto
578 1432 680 1486 vertice
699 1449 780 1500 supra
798 1436 846 1487 est.

141 1508 224 1562 Hunc
241 1508 288 1562 illa
307 1512 460 1578 exceptum,
478 1525 568 1577 neque
586 1509 657 1562 enim
675 1509 753 1562 labor
775 1509 883 1577 agmine
904 1524 990 1572 verso,

140 1583 258 1652 Traiicit,
277 1588 307 1638 et
324 1602 406 1653 super
424 1584 490 1638 haec
508 1585 616 1638 inimico
635 1589 745 1654 pectere
762 1585 852 1640 latur:
954 1597 991 1635 css

142 1658 222 1712 Silvis
239 1664 274 1726 te,
293 1660 438 1729 Tyrrheno,
455 1661 528 1714 seras
546 1661 651 1729 agitare
669 1662 793 1730 putastii

143 1734 265 1790 Advenit
283 1737 329 1805 qui
348 1741 439 1789 vestra
457 1736 517 1791 dies
535 1737 713 1790 muliebribus
730 1738 812 1790 armis

142 1811 236 1866 Verba
252 1812 432 1880 redarguerit.
469 1813 575 1866 Nomen
593 1817 685 1866 tamen
704 1813 778 1866 haud
800 1813 859 1866 lere
881 1815 990 1880 patrum

143 1887 271 1942 Manibus
288 1888 339 1943 hoc
356 1889 467 1955 referes,
486 1889 542 1941 telo
559 1889 689 1944 eccidisse
708 1889 844 1942 Camillae.

145 1963 272 2017 Protinus
288 1964 459 2018 Orsilochum
476 1969 505 2018 et
522 1965 621 2032 Buten,
639 1964 694 2018 duo
713 1981 839 2018 maxuma
858 1963 992 2016 Teucrum

145 2039 282 2108 Corpora:
302 2040 351 2094 sed
369 2040 461 2094 Buten
479 2057 603 2094 avorsum
622 2040 734 2108 cuspide
752 2041 813 2093 fixit
958 2053 992 2092 sal

146 2115 267 2168 Loricam
284 2116 445 2184 galeamque
462 2116 541 2182 inter,
560 2133 615 2184 qua
632 2115 700 2168 colla
717 2116 837 2170 sedentis

147 2192 257 2258 Luccnt,
276 2197 305 2247 et
322 2192 399 2246 lacre
417 2193 556 2261 dependet
574 2209 667 2260 parma
685 2193 804 2258 lacerto;

147 2267 325 2335 Orsilochum,
343 2269 450 2336 fugiens
468 2286 651 2337 magnumque
669 2269 773 2336 agitata
790 2286 840 2338 per
857 2268 960 2336 orbem,

147 2343 242 2397 illudit
258 2361 325 2412 gyro
342 2345 464 2412 interior,
483 2345 661 2413 sequiturque
680 2349 857 2414 sequentem3
960 2359 995 2397 eas

148 2420 215 2472 'lum
233 2419 350 2473 validam
369 2438 473 2490 perque
492 2438 567 2474 anna
585 2422 642 2473 vire
660 2438 763 2490 perque
782 2439 843 2475 ossa
861 2422 985 2486 securim,

149 2496 239 2550 Altior
257 2513 415 2564 exsurgens,
433 2498 521 2550 oranti
540 2502 569 2550 et
587 2499 674 2551 multu
691 2499 812 2566 precanti

148 2572 341 2638 Congeminat;
359 2573 455 2627 volnus
473 2573 560 2626 calido
579 2573 651 2640 rigat
670 2589 717 2626 ora
735 2573 854 2626 cerebro.

149 2647 251 2702 incidit
268 2648 331 2705 huic
349 2649 494 2718 subitoque
512 2653 625 2716 aspectu
643 2648 758 2704 territus
775 2649 865 2702 haesit

149 2724 382 2793 Appenninicolae
400 2725 517 2781 bellator
535 2725 607 2779 filius
626 2726 708 2793 Auni,
961 2735 998 2776 roo

150 2799 234 2854 Haud
252 2793 384 2869 Ligurum
402 2805 550 2869 extremus,
569 2801 635 2854 dum
654 2802 748 2857 fallere
766 2801 823 2854 iata
841 2798 973 2852 sinebant.

150 2875 241 2944 Isque,
259 2876 307 2930 ubi
325 2893 355 2931 se
371 2878 446 2931 nullo
464 2879 517 2934 iam
536 2895 617 2932 cursu
635 2877 751 2930 evadere
769 2891 876 2944 pugnae

150 2950 233 3005 Posse
251 2969 340 3021 neque
357 2953 504 3006 instantem
522 2955 645 3019 reginam
663 2956 788 3006 avertere
806 2951 900 3017 cernit,

150 3026 269 3082 Consilio
287 3044 396 3084 versare
414 3028 491 3082 dolos
509 3029 647 3095 ingressus
665 3031 694 3080 ct
712 3031 780 3092 astu,

150 3103 252 3170 Incipit
270 3103 350 3157 haec:
373 3105 445 3168 Quid
463 3109 520 3158 tam
541 3105 687 3171 egregium,
705 3103 726 3154 si
745 3101 847 3154 femina
864 3099 929 3153 forti
964 3113 1000 3154 roa

150 3177 227 3234 Fidis
244 3181 335 3244 equol
354 3179 472 3234 Dimitte
488 3181 589 3245 sugam,
608 3182 637 3232 et
654 3181 683 3231 te
701 3177 850 3232 comminus
867 3191 955 3246 aequo
