<?xml version="1.0" encoding="UTF-8"?>
<!DOCTYPE html PUBLIC "-//W3C//DTD XHTML 1.0 Transitional//EN"
    "http://www.w3.org/TR/xhtml1/DTD/xhtml1-transitional.dtd">
<html xmlns="http://www.w3.org/1999/xhtml" xml:lang="en" lang="en">
 <head>
  <title>
</title>
<meta http-equiv="Content-Type" content="text/html;charset=utf-8" />
  <meta name='ocr-system' content='tesseract 3.04.00' />
  <meta name='ocr-capabilities' content='ocr_page ocr_carea ocr_par ocr_line ocrx_word'/>
</head>
<body>
  <div class='ocr_page' id='page_1' title='image "./operaexrecensio03virggoog_0246.png"; bbox 0 0 2174 3502; ppageno 0'>
   <div class='ocr_carea' id='block_1_1' title="bbox 67 82 734 176">
    <p class='ocr_par' dir='ltr' id='par_1_1' title="bbox 67 82 734 176">
     <span class='ocr_line' id='line_1_1' title="bbox 67 82 734 176; baseline -0.006 0"><span class='ocrx_word' id='word_1_1' title='bbox 67 82 69 93; x_wconf 57' lang='lat'><em>¹</em></span> <span class='ocrx_word' id='word_1_2' title='bbox 101 129 147 176; x_wconf 76' lang='lat'><strong>234</strong></span> <span class='ocrx_word' id='word_1_3' title='bbox 337 125 366 173; x_wconf 99' lang='lat' dir='ltr'><strong>P.</strong></span> <span class='ocrx_word' id='word_1_4' title='bbox 387 124 540 174; x_wconf 82' lang='lat' dir='ltr'><strong>VERGILI</strong></span> <span class='ocrx_word' id='word_1_5' title='bbox 563 125 734 173; x_wconf 75' lang='lat' dir='ltr'>MARONIS&#39;</span> 
     </span>
    </p>
   </div>
   <div class='ocr_carea' id='block_1_2' title="bbox 3 206 957 3249">
    <p class='ocr_par' dir='ltr' id='par_1_2' title="bbox 100 206 776 274">
     <span class='ocr_line' id='line_1_2' title="bbox 100 206 776 274; baseline -0.003 -13"><span class='ocrx_word' id='word_1_6' title='bbox 100 209 248 262; x_wconf 72' lang='lat' dir='ltr'><strong>servavere</strong></span> <span class='ocrx_word' id='word_1_7' title='bbox 267 207 346 273; x_wconf 88' lang='lat' dir='ltr'><strong>diem,</strong></span> <span class='ocrx_word' id='word_1_8' title='bbox 364 207 523 274; x_wconf 89' lang='lat' dir='ltr'><strong>primusque</strong></span> <span class='ocrx_word' id='word_1_9' title='bbox 543 206 661 258; x_wconf 81' lang='lat' dir='ltr'>Potitius</span> <span class='ocrx_word' id='word_1_10' title='bbox 680 209 776 259; x_wconf 78' lang='lat' dir='ltr'>auctor</span> 
     </span>
    </p>

    <p class='ocr_par' dir='ltr' id='par_1_3' title="bbox 83 281 957 432">
     <span class='ocr_line' id='line_1_3' title="bbox 83 281 957 341; baseline -0.002 -6"><span class='ocrx_word' id='word_1_11' title='bbox 83 331 85 335; x_wconf 89' lang='lat'><strong>.</strong></span> <span class='ocrx_word' id='word_1_12' title='bbox 100 283 137 338; x_wconf 84' lang='lat' dir='ltr'><strong>Et</strong></span> <span class='ocrx_word' id='word_1_13' title='bbox 155 284 251 336; x_wconf 89' lang='lat' dir='ltr'><strong>domus</strong></span> <span class='ocrx_word' id='word_1_14' title='bbox 270 282 401 336; x_wconf 86' lang='lat' dir='ltr'><strong>Herculei</strong></span> <span class='ocrx_word' id='word_1_15' title='bbox 418 286 509 335; x_wconf 88' lang='lat' dir='ltr'><strong>custos</strong></span> <span class='ocrx_word' id='word_1_16' title='bbox 528 281 638 334; x_wconf 85' lang='lat' dir='ltr'><strong>Pinaria</strong></span> <span class='ocrx_word' id='word_1_17' title='bbox 656 283 732 336; x_wconf 85' lang='lat' dir='ltr'><strong>sacri.</strong></span> <span class='ocrx_word' id='word_1_18' title='bbox 918 300 957 341; x_wconf 78' lang='lat'><strong>270</strong></span> 
     </span>
     <span class='ocr_line' id='line_1_4' title="bbox 101 358 841 432; baseline 0.001 -20"><span class='ocrx_word' id='word_1_19' title='bbox 101 361 179 432; x_wconf 80' lang='lat' dir='ltr'><strong>lJanc</strong></span> <span class='ocrx_word' id='word_1_20' title='bbox 198 375 273 412; x_wconf 85' lang='lat' dir='ltr'><strong>aram</strong></span> <span class='ocrx_word' id='word_1_21' title='bbox 290 358 351 411; x_wconf 90' lang='lat' dir='ltr'><strong>luco</strong></span> <span class='ocrx_word' id='word_1_22' title='bbox 369 358 474 426; x_wconf 75' lang='lat' dir='ltr'><strong>statuit,</strong></span> <span class='ocrx_word' id='word_1_23' title='bbox 493 375 563 426; x_wconf 88' lang='lat' dir='ltr'><strong>quac</strong></span> <span class='ocrx_word' id='word_1_24' title='bbox 582 358 712 412; x_wconf 87' lang='lat' dir='ltr'><strong>Maxuma</strong></span> <span class='ocrx_word' id='word_1_25' title='bbox 730 375 841 428; x_wconf 90' lang='lat' dir='ltr'><strong>semper</strong></span> 
     </span>
    </p>

    <p class='ocr_par' dir='ltr' id='par_1_4' title="bbox 72 434 800 504">
     <span class='ocr_line' id='line_1_5' title="bbox 72 434 800 504; baseline 0 -15"><span class='ocrx_word' id='word_1_26' title='bbox 72 451 73 456; x_wconf 54' lang='lat'>¹</span> <span class='ocrx_word' id='word_1_27' title='bbox 100 436 213 489; x_wconf 79' lang='lat' dir='ltr'><strong>Dicetur</strong></span> <span class='ocrx_word' id='word_1_28' title='bbox 231 435 315 500; x_wconf 87' lang='lat' dir='ltr'><strong>nobis,</strong></span> <span class='ocrx_word' id='word_1_29' title='bbox 334 437 363 488; x_wconf 89' lang='lat' dir='ltr'><strong>et</strong></span> <span class='ocrx_word' id='word_1_30' title='bbox 381 434 435 487; x_wconf 88' lang='lat' dir='ltr'><strong>erit</strong></span> <span class='ocrx_word' id='word_1_31' title='bbox 453 451 524 502; x_wconf 91' lang='lat' dir='ltr'><strong>quae</strong></span> <span class='ocrx_word' id='word_1_32' title='bbox 541 451 668 488; x_wconf 79' lang='lat' dir='ltr'><strong>maxuma</strong></span> <span class='ocrx_word' id='word_1_33' title='bbox 686 452 800 504; x_wconf 84' lang='lat' dir='ltr'><strong>semper.</strong></span> 
     </span>
    </p>

    <p class='ocr_par' dir='ltr' id='par_1_5' title="bbox 21 511 955 1038">
     <span class='ocr_line' id='line_1_6' title="bbox 21 511 923 579; baseline 0.003 -14"><span class='ocrx_word' id='word_1_34' title='bbox 21 523 24 530; x_wconf 84' lang='grc'><strong>’</strong></span> <span class='ocrx_word' id='word_1_35' title='bbox 100 512 190 576; x_wconf 81' lang='lat' dir='ltr'>Quare</span> <span class='ocrx_word' id='word_1_36' title='bbox 208 512 288 579; x_wconf 81' lang='lat' dir='ltr'><strong>agite,</strong></span> <span class='ocrx_word' id='word_1_37' title='bbox 306 528 322 564; x_wconf 95' lang='lat' dir='ltr'><strong>o</strong></span> <span class='ocrx_word' id='word_1_38' title='bbox 340 511 458 578; x_wconf 86' lang='lat' dir='ltr'><strong>iuvenes,</strong></span> <span class='ocrx_word' id='word_1_39' title='bbox 477 514 616 564; x_wconf 88' lang='lat' dir='ltr'><strong>tantarum</strong></span> <span class='ocrx_word' id='word_1_40' title='bbox 635 511 662 562; x_wconf 92' lang='lat' dir='ltr'><strong>in</strong></span> <span class='ocrx_word' id='word_1_41' title='bbox 681 528 793 564; x_wconf 82' lang='lat' dir='ltr'><strong>munere</strong></span> <span class='ocrx_word' id='word_1_42' title='bbox 810 512 923 568; x_wconf 87' lang='lat' dir='ltr'><strong>laudum</strong></span> 
     </span>
     <span class='ocr_line' id='line_1_7' title="bbox 100 586 843 657; baseline -0.001 -15"><span class='ocrx_word' id='word_1_43' title='bbox 100 589 209 657; x_wconf 65' lang='lat' dir='ltr'><strong>(tingite</strong></span> <span class='ocrx_word' id='word_1_44' title='bbox 226 587 324 642; x_wconf 88' lang='lat' dir='ltr'><strong>fronde</strong></span> <span class='ocrx_word' id='word_1_45' title='bbox 341 603 432 640; x_wconf 87' lang='lat' dir='ltr'><strong>comas</strong></span> <span class='ocrx_word' id='word_1_46' title='bbox 450 590 479 640; x_wconf 91' lang='lat' dir='ltr'><strong>et</strong></span> <span class='ocrx_word' id='word_1_47' title='bbox 496 586 593 656; x_wconf 88' lang='lat' dir='ltr'><strong>pocula</strong></span> <span class='ocrx_word' id='word_1_48' title='bbox 610 587 719 654; x_wconf 75' lang='lat' dir='ltr'><strong>porgite</strong></span> <span class='ocrx_word' id='word_1_49' title='bbox 737 587 843 641; x_wconf 79' lang='lat' dir='ltr'><strong>dextris</strong></span> 
     </span>
     <span class='ocr_line' id='line_1_8' title="bbox 100 662 955 734; baseline 0.002 -15"><span class='ocrx_word' id='word_1_50' title='bbox 100 666 330 734; x_wconf 79' lang='lat' dir='ltr'><strong>Communemque</strong></span> <span class='ocrx_word' id='word_1_51' title='bbox 345 668 439 718; x_wconf 90' lang='lat' dir='ltr'><strong>vocate</strong></span> <span class='ocrx_word' id='word_1_52' title='bbox 456 663 538 717; x_wconf 89' lang='lat' dir='ltr'><strong>deum</strong></span> <span class='ocrx_word' id='word_1_53' title='bbox 553 667 582 716; x_wconf 92' lang='lat' dir='ltr'><strong>ot</strong></span> <span class='ocrx_word' id='word_1_54' title='bbox 596 662 661 716; x_wconf 84' lang='lat' dir='ltr'><strong>dato</strong></span> <span class='ocrx_word' id='word_1_55' title='bbox 676 665 738 717; x_wconf 88' lang='lat' dir='ltr'><strong>vina</strong></span> <span class='ocrx_word' id='word_1_56' title='bbox 752 665 881 719; x_wconf 86' lang='lat' dir='ltr'><strong>volentos.</strong></span> <span class='ocrx_word' id='word_1_57' title='bbox 916 683 955 721; x_wconf 70' lang='lat' dir='ltr'><strong>aas</strong></span> 
     </span>
     <span class='ocr_line' id='line_1_9' title="bbox 100 739 838 808; baseline 0 -14"><span class='ocrx_word' id='word_1_58' title='bbox 100 741 227 797; x_wconf 79' lang='lat' dir='ltr'><strong>Dixerat:</strong></span> <span class='ocrx_word' id='word_1_59' title='bbox 254 741 390 795; x_wconf 84' lang='lat' dir='ltr'><strong>Herculea</strong></span> <span class='ocrx_word' id='word_1_60' title='bbox 407 739 510 793; x_wconf 80' lang='lat' dir='ltr'><strong>bicolor</strong></span> <span class='ocrx_word' id='word_1_61' title='bbox 527 757 588 793; x_wconf 91' lang='lat' dir='ltr'><strong>cum</strong></span> <span class='ocrx_word' id='word_1_62' title='bbox 607 740 724 808; x_wconf 91' lang='lat' dir='ltr'><strong>populus</strong></span> <span class='ocrx_word' id='word_1_63' title='bbox 740 741 838 794; x_wconf 84' lang='lat' dir='ltr'><strong>umbra</strong></span> 
     </span>
     <span class='ocr_line' id='line_1_10' title="bbox 99 817 789 887; baseline 0.001 -17"><span class='ocrx_word' id='word_1_64' title='bbox 99 817 263 887; x_wconf 87' lang='lat' dir='ltr'><strong>Velavitque</strong></span> <span class='ocrx_word' id='word_1_65' title='bbox 281 834 371 871; x_wconf 87' lang='lat' dir='ltr'><strong>comas</strong></span> <span class='ocrx_word' id='word_1_66' title='bbox 387 817 514 884; x_wconf 85' lang='lat' dir='ltr'><strong>foliisque</strong></span> <span class='ocrx_word' id='word_1_67' title='bbox 532 817 632 870; x_wconf 87' lang='lat' dir='ltr'><strong>innexa</strong></span> <span class='ocrx_word' id='word_1_68' title='bbox 650 818 789 885; x_wconf 84' lang='lat' dir='ltr'><strong>pependit,</strong></span> 
     </span>
     <span class='ocr_line' id='line_1_11' title="bbox 98 893 882 962; baseline 0.001 -16"><span class='ocrx_word' id='word_1_69' title='bbox 98 893 134 948; x_wconf 79' lang='lat' dir='ltr'><strong>nt</strong></span> <span class='ocrx_word' id='word_1_70' title='bbox 152 911 227 948; x_wconf 84' lang='lat' dir='ltr'><strong>sacer</strong></span> <span class='ocrx_word' id='word_1_71' title='bbox 244 894 359 962; x_wconf 85' lang='lat' dir='ltr'><strong>inplevit</strong></span> <span class='ocrx_word' id='word_1_72' title='bbox 377 893 503 946; x_wconf 83' lang='lat' dir='ltr'><strong>dextram</strong></span> <span class='ocrx_word' id='word_1_73' title='bbox 522 893 645 961; x_wconf 81' lang='lat' dir='ltr'><strong>scyphus.</strong></span> <span class='ocrx_word' id='word_1_74' title='bbox 685 893 767 947; x_wconf 87' lang='lat' dir='ltr'><strong>Ocius</strong></span> <span class='ocrx_word' id='word_1_75' title='bbox 785 907 882 947; x_wconf 82' lang='lat' dir='ltr'><strong>omnes</strong></span> 
     </span>
     <span class='ocr_line' id='line_1_12' title="bbox 98 969 780 1038; baseline 0.003 -16"><span class='ocrx_word' id='word_1_76' title='bbox 98 970 132 1022; x_wconf 89' lang='lat' dir='ltr'><strong>In</strong></span> <span class='ocrx_word' id='word_1_77' title='bbox 151 988 272 1024; x_wconf 88' lang='lat' dir='ltr'><strong>mensam</strong></span> <span class='ocrx_word' id='word_1_78' title='bbox 289 971 353 1023; x_wconf 88' lang='lat' dir='ltr'><strong>laeti</strong></span> <span class='ocrx_word' id='word_1_79' title='bbox 372 970 459 1022; x_wconf 87' lang='lat' dir='ltr'><strong>libant</strong></span> <span class='ocrx_word' id='word_1_80' title='bbox 478 969 609 1037; x_wconf 88' lang='lat' dir='ltr'><strong>divosque</strong></span> <span class='ocrx_word' id='word_1_81' title='bbox 628 974 780 1038; x_wconf 84' lang='lat' dir='ltr'><strong>precantur.</strong></span> 
     </span>
    </p>

    <p class='ocr_par' dir='ltr' id='par_1_6' title="bbox 95 1045 954 2107">
     <span class='ocr_line' id='line_1_13' title="bbox 132 1045 954 1116; baseline 0.004 -16"><span class='ocrx_word' id='word_1_82' title='bbox 132 1048 242 1101; x_wconf 84' lang='lat' dir='ltr'><strong>Devexo</strong></span> <span class='ocrx_word' id='word_1_83' title='bbox 260 1048 365 1102; x_wconf 89' lang='lat' dir='ltr'><strong>interea</strong></span> <span class='ocrx_word' id='word_1_84' title='bbox 382 1047 493 1115; x_wconf 87' lang='lat' dir='ltr'><strong>propior</strong></span> <span class='ocrx_word' id='word_1_85' title='bbox 511 1046 543 1098; x_wconf 87' lang='lat' dir='ltr'><strong>fit</strong></span> <span class='ocrx_word' id='word_1_86' title='bbox 562 1045 669 1115; x_wconf 85' lang='lat' dir='ltr'><strong>Vesper</strong></span> <span class='ocrx_word' id='word_1_87' title='bbox 689 1046 816 1116; x_wconf 83' lang='lat' dir='ltr'><strong>Olympo:</strong></span> <span class='ocrx_word' id='word_1_88' title='bbox 913 1066 954 1102; x_wconf 81' lang='lat' dir='ltr'><strong>ass</strong></span> 
     </span>
     <span class='ocr_line' id='line_1_14' title="bbox 98 1122 802 1192; baseline 0 -16"><span class='ocrx_word' id='word_1_89' title='bbox 98 1124 212 1192; x_wconf 86' lang='lat' dir='ltr'><strong>lamque</strong></span> <span class='ocrx_word' id='word_1_90' title='bbox 231 1124 387 1177; x_wconf 83' lang='lat' dir='ltr'><strong>sacerdotes</strong></span> <span class='ocrx_word' id='word_1_91' title='bbox 404 1123 562 1191; x_wconf 89' lang='lat' dir='ltr'><strong>primusque</strong></span> <span class='ocrx_word' id='word_1_92' title='bbox 583 1122 701 1175; x_wconf 85' lang='lat' dir='ltr'><strong>Potitius</strong></span> <span class='ocrx_word' id='word_1_93' title='bbox 718 1123 802 1191; x_wconf 86' lang='lat' dir='ltr'><strong>ibant,</strong></span> 
     </span>
     <span class='ocr_line' id='line_1_15' title="bbox 98 1199 836 1267; baseline 0.001 -15"><span class='ocrx_word' id='word_1_94' title='bbox 98 1199 218 1254; x_wconf 89' lang='lat' dir='ltr'><strong>Pellibus</strong></span> <span class='ocrx_word' id='word_1_95' title='bbox 235 1200 264 1252; x_wconf 91' lang='lat' dir='ltr'><strong>in</strong></span> <span class='ocrx_word' id='word_1_96' title='bbox 282 1216 385 1252; x_wconf 89' lang='lat' dir='ltr'><strong>morem</strong></span> <span class='ocrx_word' id='word_1_97' title='bbox 403 1199 492 1264; x_wconf 90' lang='lat' dir='ltr'><strong>cincti,</strong></span> <span class='ocrx_word' id='word_1_98' title='bbox 511 1199 687 1267; x_wconf 85' lang='lat' dir='ltr'><strong>flammasque</strong></span> <span class='ocrx_word' id='word_1_99' title='bbox 704 1199 836 1254; x_wconf 87' lang='lat' dir='ltr'><strong>ferebant.</strong></span> 
     </span>
     <span class='ocr_line' id='line_1_16' title="bbox 97 1275 803 1344; baseline 0.001 -16"><span class='ocrx_word' id='word_1_100' title='bbox 97 1276 257 1330; x_wconf 72' lang='lat' dir='ltr'><strong>Instaurant</strong></span> <span class='ocrx_word' id='word_1_101' title='bbox 275 1275 375 1344; x_wconf 85' lang='lat' dir='ltr'><strong>epulas,</strong></span> <span class='ocrx_word' id='word_1_102' title='bbox 394 1279 423 1329; x_wconf 91' lang='lat' dir='ltr'><strong>et</strong></span> <span class='ocrx_word' id='word_1_103' title='bbox 441 1291 550 1328; x_wconf 82' lang='lat' dir='ltr'><strong>mensae</strong></span> <span class='ocrx_word' id='word_1_104' title='bbox 569 1279 649 1342; x_wconf 84' lang='lat' dir='ltr'><strong>grata</strong></span> <span class='ocrx_word' id='word_1_105' title='bbox 668 1276 803 1329; x_wconf 86' lang='lat' dir='ltr'><strong>secundae</strong></span> 
     </span>
     <span class='ocr_line' id='line_1_17' title="bbox 97 1351 869 1420; baseline 0.001 -16"><span class='ocrx_word' id='word_1_106' title='bbox 97 1351 175 1406; x_wconf 87' lang='lat' dir='ltr'><strong>Dona</strong></span> <span class='ocrx_word' id='word_1_107' title='bbox 193 1353 291 1418; x_wconf 86' lang='lat' dir='ltr'><strong>lerunt,</strong></span> <span class='ocrx_word' id='word_1_108' title='bbox 310 1352 503 1420; x_wconf 86' lang='lat' dir='ltr'><strong>cumulantque</strong></span> <span class='ocrx_word' id='word_1_109' title='bbox 522 1352 641 1405; x_wconf 83' lang='lat' dir='ltr'><strong>oneratis</strong></span> <span class='ocrx_word' id='word_1_110' title='bbox 660 1351 781 1404; x_wconf 89' lang='lat' dir='ltr'><strong>lancibus</strong></span> <span class='ocrx_word' id='word_1_111' title='bbox 799 1369 869 1406; x_wconf 88' lang='lat' dir='ltr'><strong>aras.</strong></span> 
     </span>
     <span class='ocr_line' id='line_1_18' title="bbox 96 1427 951 1484; baseline 0.005 -4"><span class='ocrx_word' id='word_1_112' title='bbox 96 1428 165 1482; x_wconf 85' lang='lat' dir='ltr'><strong>Tum</strong></span> <span class='ocrx_word' id='word_1_113' title='bbox 183 1429 249 1483; x_wconf 78' lang='lat' dir='ltr'><strong>Salii</strong></span> <span class='ocrx_word' id='word_1_114' title='bbox 267 1429 303 1482; x_wconf 90' lang='lat' dir='ltr'><strong>ad</strong></span> <span class='ocrx_word' id='word_1_115' title='bbox 320 1432 416 1482; x_wconf 85' lang='lat' dir='ltr'><strong>cantus</strong></span> <span class='ocrx_word' id='word_1_116' title='bbox 433 1429 542 1481; x_wconf 85' lang='lat' dir='ltr'><strong>incensa</strong></span> <span class='ocrx_word' id='word_1_117' title='bbox 559 1427 658 1481; x_wconf 84' lang='lat' dir='ltr'><strong>altaria</strong></span> <span class='ocrx_word' id='word_1_118' title='bbox 675 1428 776 1480; x_wconf 89' lang='lat' dir='ltr'><strong>circum</strong></span> <span class='ocrx_word' id='word_1_119' title='bbox 911 1445 951 1484; x_wconf 70' lang='lat' dir='ltr'><strong>aas</strong></span> 
     </span>
     <span class='ocr_line' id='line_1_19' title="bbox 97 1503 709 1573; baseline -0.003 -15"><span class='ocrx_word' id='word_1_120' title='bbox 97 1505 224 1573; x_wconf 87' lang='lat' dir='ltr'><strong>Populeis</strong></span> <span class='ocrx_word' id='word_1_121' title='bbox 242 1506 342 1558; x_wconf 89' lang='lat' dir='ltr'><strong>adsunt</strong></span> <span class='ocrx_word' id='word_1_122' title='bbox 360 1504 460 1558; x_wconf 79' lang='lat' dir='ltr'><strong>evincti</strong></span> <span class='ocrx_word' id='word_1_123' title='bbox 478 1508 603 1572; x_wconf 88' lang='lat' dir='ltr'><strong>tempora</strong></span> <span class='ocrx_word' id='word_1_124' title='bbox 620 1503 709 1570; x_wconf 85' lang='lat' dir='ltr'><strong>ramis,</strong></span> 
     </span>
     <span class='ocr_line' id='line_1_20' title="bbox 97 1579 930 1648; baseline 0 -14"><span class='ocrx_word' id='word_1_125' title='bbox 97 1582 150 1634; x_wconf 88' lang='lat' dir='ltr'><strong>llic</strong></span> <span class='ocrx_word' id='word_1_126' title='bbox 167 1581 294 1635; x_wconf 90' lang='lat' dir='ltr'><strong>iuvenum</strong></span> <span class='ocrx_word' id='word_1_127' title='bbox 313 1581 418 1645; x_wconf 86' lang='lat' dir='ltr'><strong>chorus,</strong></span> <span class='ocrx_word' id='word_1_128' title='bbox 436 1581 481 1633; x_wconf 91' lang='lat' dir='ltr'><strong>ille</strong></span> <span class='ocrx_word' id='word_1_129' title='bbox 500 1596 610 1643; x_wconf 90' lang='lat' dir='ltr'><strong>senum;</strong></span> <span class='ocrx_word' id='word_1_130' title='bbox 630 1579 678 1648; x_wconf 90' lang='lat' dir='ltr'><strong>qni</strong></span> <span class='ocrx_word' id='word_1_131' title='bbox 696 1582 815 1634; x_wconf 88' lang='lat' dir='ltr'><strong>carmine</strong></span> <span class='ocrx_word' id='word_1_132' title='bbox 833 1582 930 1635; x_wconf 87' lang='lat' dir='ltr'><strong>laudes</strong></span> 
     </span>
     <span class='ocr_line' id='line_1_21' title="bbox 98 1657 813 1724; baseline 0.001 -15"><span class='ocrx_word' id='word_1_133' title='bbox 98 1657 246 1710; x_wconf 79' lang='lat' dir='ltr'><strong>l&#39;lcrculeas</strong></span> <span class='ocrx_word' id='word_1_134' title='bbox 265 1661 293 1710; x_wconf 91' lang='lat' dir='ltr'><strong>et</strong></span> <span class='ocrx_word' id='word_1_135' title='bbox 311 1657 384 1710; x_wconf 87' lang='lat' dir='ltr'><strong>facta</strong></span> <span class='ocrx_word' id='word_1_136' title='bbox 401 1657 507 1710; x_wconf 86' lang='lat' dir='ltr'><strong>serunt:</strong></span> <span class='ocrx_word' id='word_1_137' title='bbox 528 1660 559 1708; x_wconf 89' lang='lat' dir='ltr'><strong>ut</strong></span> <span class='ocrx_word' id='word_1_138' title='bbox 577 1657 665 1724; x_wconf 91' lang='lat' dir='ltr'><strong>prima</strong></span> <span class='ocrx_word' id='word_1_139' title='bbox 682 1673 813 1710; x_wconf 88' lang='lat' dir='ltr'><strong>novercae</strong></span> 
     </span>
     <span class='ocr_line' id='line_1_22' title="bbox 96 1733 905 1801; baseline 0.004 -16"><span class='ocrx_word' id='word_1_140' title='bbox 96 1733 219 1786; x_wconf 88' lang='lat' dir='ltr'><strong>Monstra</strong></span> <span class='ocrx_word' id='word_1_141' title='bbox 237 1750 318 1786; x_wconf 89' lang='lat' dir='ltr'><strong>manu</strong></span> <span class='ocrx_word' id='word_1_142' title='bbox 336 1734 512 1800; x_wconf 81' lang='lat' dir='ltr'><strong>geminosque</strong></span> <span class='ocrx_word' id='word_1_143' title='bbox 530 1749 664 1801; x_wconf 86' lang='lat' dir='ltr'><strong>premens,</strong></span> <span class='ocrx_word' id='word_1_144' title='bbox 675 1733 778 1786; x_wconf 87' lang='lat' dir='ltr'><strong>eliserit</strong></span> <span class='ocrx_word' id='word_1_145' title='bbox 795 1735 905 1801; x_wconf 87' lang='lat' dir='ltr'><strong>anguis;</strong></span> 
     </span>
     <span class='ocr_line' id='line_1_23' title="bbox 97 1809 950 1877; baseline 0.005 -15"><span class='ocrx_word' id='word_1_146' title='bbox 97 1810 135 1863; x_wconf 91' lang='lat' dir='ltr'><strong>Ut</strong></span> <span class='ocrx_word' id='word_1_147' title='bbox 153 1810 224 1862; x_wconf 89' lang='lat' dir='ltr'><strong>bello</strong></span> <span class='ocrx_word' id='word_1_148' title='bbox 243 1811 367 1877; x_wconf 80' lang='lat' dir='ltr'><strong>egregias</strong></span> <span class='ocrx_word' id='word_1_149' title='bbox 385 1810 458 1862; x_wconf 91' lang='lat' dir='ltr'><strong>idem</strong></span> <span class='ocrx_word' id='word_1_150' title='bbox 477 1809 615 1862; x_wconf 87' lang='lat' dir='ltr'><strong>disiecerit</strong></span> <span class='ocrx_word' id='word_1_151' title='bbox 632 1809 722 1875; x_wconf 86' lang='lat' dir='ltr'><strong>urbes,</strong></span> <span class='ocrx_word' id='word_1_152' title='bbox 911 1826 950 1866; x_wconf 74' lang='lat'><strong>290</strong></span> 
     </span>
     <span class='ocr_line' id='line_1_24' title="bbox 95 1885 873 1954; baseline 0.004 -17"><span class='ocrx_word' id='word_1_153' title='bbox 95 1885 116 1937; x_wconf 82' lang='grc' dir='ltr'><strong>Τ</strong></span> <span class='ocrx_word' id='word_1_154' title='bbox 118 1887 256 1954; x_wconf 87' lang='lat' dir='ltr'><strong>roiamquo</strong></span> <span class='ocrx_word' id='word_1_155' title='bbox 275 1886 501 1954; x_wconf 81' lang='lat' dir='ltr'><strong>Oechaliamque3</strong></span> <span class='ocrx_word' id='word_1_156' title='bbox 523 1889 554 1938; x_wconf 92' lang='lat' dir='ltr'><strong>nt</strong></span> <span class='ocrx_word' id='word_1_157' title='bbox 573 1886 655 1938; x_wconf 87' lang='lat' dir='ltr'><strong>duros</strong></span> <span class='ocrx_word' id='word_1_158' title='bbox 673 1887 748 1940; x_wconf 88' lang='lat' dir='ltr'><strong>mille</strong></span> <span class='ocrx_word' id='word_1_159' title='bbox 765 1887 873 1941; x_wconf 88' lang='lat' dir='ltr'><strong>labores</strong></span> 
     </span>
     <span class='ocr_line' id='line_1_25' title="bbox 96 1962 770 2030; baseline 0.004 -17"><span class='ocrx_word' id='word_1_160' title='bbox 96 1962 172 2030; x_wconf 81' lang='lat' dir='ltr'><strong>ltegc</strong></span> <span class='ocrx_word' id='word_1_161' title='bbox 190 1963 240 2016; x_wconf 91' lang='lat' dir='ltr'><strong>sub</strong></span> <span class='ocrx_word' id='word_1_162' title='bbox 260 1963 419 2030; x_wconf 82' lang='lat' dir='ltr'><strong>Eurystheo,</strong></span> <span class='ocrx_word' id='word_1_163' title='bbox 440 1963 504 2016; x_wconf 87' lang='lat' dir='ltr'><strong>fatis</strong></span> <span class='ocrx_word' id='word_1_164' title='bbox 524 1962 637 2015; x_wconf 88' lang='lat' dir='ltr'><strong>lunonis</strong></span> <span class='ocrx_word' id='word_1_165' title='bbox 656 1963 770 2030; x_wconf 81' lang='lat' dir='ltr'><strong>iniquae,</strong></span> 
     </span>
     <span class='ocr_line' id='line_1_26' title="bbox 96 2037 820 2107; baseline 0.007 -19"><span class='ocrx_word' id='word_1_166' title='bbox 96 2037 253 2094; x_wconf 87' lang='lat' dir='ltr'><strong>Pertulerit.</strong></span> <span class='ocrx_word' id='word_1_167' title='bbox 293 2041 332 2092; x_wconf 83' lang='lat' dir='ltr'><strong>Tu</strong></span> <span class='ocrx_word' id='word_1_168' title='bbox 352 2038 509 2107; x_wconf 84' lang='lat' dir='ltr'><strong>nubigenas,</strong></span> <span class='ocrx_word' id='word_1_169' title='bbox 527 2039 634 2104; x_wconf 83' lang='lat' dir='ltr'><strong>invicte,</strong></span> <span class='ocrx_word' id='word_1_170' title='bbox 653 2038 820 2106; x_wconf 77' lang='lat' dir='ltr'><strong>bimembris,</strong></span> 
     </span>
    </p>

    <p class='ocr_par' dir='ltr' id='par_1_7' title="bbox 3 2114 950 2411">
     <span class='ocr_line' id='line_1_27' title="bbox 3 2114 876 2186; baseline 0.005 -21"><span class='ocrx_word' id='word_1_171' title='bbox 3 2183 4 2186; x_wconf 8' lang='grc' dir='ltr'><strong>Ἴ</strong></span> <span class='ocrx_word' id='word_1_172' title='bbox 99 2115 286 2183; x_wconf 75' lang='lat' dir='ltr'><strong>Hylaeumque</strong></span> <span class='ocrx_word' id='word_1_173' title='bbox 306 2116 482 2183; x_wconf 86' lang='lat' dir='ltr'><strong>Pholumque,</strong></span> <span class='ocrx_word' id='word_1_174' title='bbox 500 2131 590 2180; x_wconf 86' lang='lat' dir='ltr'><strong>manu,</strong></span> <span class='ocrx_word' id='word_1_175' title='bbox 609 2118 642 2167; x_wconf 90' lang='lat' dir='ltr'><strong>tu</strong></span> <span class='ocrx_word' id='word_1_176' title='bbox 661 2114 755 2168; x_wconf 82' lang='lat' dir='ltr'><strong>Cresia</strong></span> <span class='ocrx_word' id='word_1_177' title='bbox 771 2119 876 2169; x_wconf 84' lang='lat' dir='ltr'><strong>mactas</strong></span> 
     </span>
     <span class='ocr_line' id='line_1_28' title="bbox 97 2191 950 2259; baseline 0.006 -16"><span class='ocrx_word' id='word_1_178' title='bbox 97 2191 223 2258; x_wconf 78' lang='lat' dir='ltr'><strong>Prodigia</strong></span> <span class='ocrx_word' id='word_1_179' title='bbox 241 2195 270 2245; x_wconf 92' lang='lat' dir='ltr'><strong>et</strong></span> <span class='ocrx_word' id='word_1_180' title='bbox 288 2195 395 2244; x_wconf 88' lang='lat' dir='ltr'><strong>vastum</strong></span> <span class='ocrx_word' id='word_1_181' title='bbox 414 2193 439 2244; x_wconf 91' lang='lat' dir='ltr'><strong>N</strong></span> <span class='ocrx_word' id='word_1_182' title='bbox 442 2208 534 2245; x_wconf 91' lang='lat' dir='ltr'><strong>emeae</strong></span> <span class='ocrx_word' id='word_1_183' title='bbox 552 2191 604 2244; x_wconf 87' lang='lat' dir='ltr'><strong>sub</strong></span> <span class='ocrx_word' id='word_1_184' title='bbox 622 2207 690 2259; x_wconf 90' lang='lat' dir='ltr'><strong>rupo</strong></span> <span class='ocrx_word' id='word_1_185' title='bbox 707 2191 820 2245; x_wconf 86' lang='lat' dir='ltr'><strong>leonem.</strong></span> <span class='ocrx_word' id='word_1_186' title='bbox 910 2209 950 2248; x_wconf 65' lang='lat' dir='ltr'><strong>mo</strong></span> 
     </span>
     <span class='ocr_line' id='line_1_29' title="bbox 94 2267 739 2335; baseline 0.002 -16"><span class='ocrx_word' id='word_1_187' title='bbox 94 2267 132 2319; x_wconf 82' lang='lat' dir='ltr'><strong>Te</strong></span> <span class='ocrx_word' id='word_1_188' title='bbox 151 2267 236 2335; x_wconf 79' lang='lat' dir='ltr'><strong>Stygii</strong></span> <span class='ocrx_word' id='word_1_189' title='bbox 255 2271 394 2321; x_wconf 87' lang='lat' dir='ltr'><strong>tremuere</strong></span> <span class='ocrx_word' id='word_1_190' title='bbox 413 2269 493 2334; x_wconf 89' lang='lat' dir='ltr'><strong>lacus,</strong></span> <span class='ocrx_word' id='word_1_191' title='bbox 511 2271 540 2321; x_wconf 91' lang='lat' dir='ltr'><strong>te</strong></span> <span class='ocrx_word' id='word_1_192' title='bbox 558 2269 659 2321; x_wconf 92' lang='lat' dir='ltr'><strong>ianitor</strong></span> <span class='ocrx_word' id='word_1_193' title='bbox 677 2267 739 2321; x_wconf 92' lang='lat' dir='ltr'><strong>Orci</strong></span> 
     </span>
     <span class='ocr_line' id='line_1_30' title="bbox 95 2344 789 2411; baseline 0.004 -16"><span class='ocrx_word' id='word_1_194' title='bbox 95 2344 163 2396; x_wconf 83' lang='lat' dir='ltr'><strong>Ossa</strong></span> <span class='ocrx_word' id='word_1_195' title='bbox 181 2360 262 2411; x_wconf 89' lang='lat' dir='ltr'><strong>super</strong></span> <span class='ocrx_word' id='word_1_196' title='bbox 279 2344 413 2396; x_wconf 87' lang='lat' dir='ltr'><strong>recubans</strong></span> <span class='ocrx_word' id='word_1_197' title='bbox 432 2348 511 2398; x_wconf 90' lang='lat' dir='ltr'><strong>antro</strong></span> <span class='ocrx_word' id='word_1_198' title='bbox 530 2347 645 2398; x_wconf 85' lang='lat' dir='ltr'><strong>semiesa</strong></span> <span class='ocrx_word' id='word_1_199' title='bbox 663 2349 789 2410; x_wconf 86' lang='lat' dir='ltr'><strong>cruento;</strong></span> 
     </span>
    </p>

    <p class='ocr_par' dir='ltr' id='par_1_8' title="bbox 95 2419 832 2489">
     <span class='ocr_line' id='line_1_31' title="bbox 95 2419 832 2489; baseline 0.001 -16"><span class='ocrx_word' id='word_1_200' title='bbox 95 2419 152 2473; x_wconf 91' lang='lat' dir='ltr'><strong>Nec</strong></span> <span class='ocrx_word' id='word_1_201' title='bbox 171 2423 199 2473; x_wconf 90' lang='lat' dir='ltr'><strong>te</strong></span> <span class='ocrx_word' id='word_1_202' title='bbox 216 2419 288 2472; x_wconf 86' lang='lat' dir='ltr'><strong>ullae</strong></span> <span class='ocrx_word' id='word_1_203' title='bbox 306 2419 395 2487; x_wconf 81' lang='lat' dir='ltr'><strong>iacies,</strong></span> <span class='ocrx_word' id='word_1_204' title='bbox 415 2437 468 2473; x_wconf 90' lang='lat' dir='ltr'><strong>non</strong></span> <span class='ocrx_word' id='word_1_205' title='bbox 487 2422 587 2474; x_wconf 87' lang='lat' dir='ltr'><strong>terruit</strong></span> <span class='ocrx_word' id='word_1_206' title='bbox 605 2423 663 2489; x_wconf 91' lang='lat' dir='ltr'><strong>ipse</strong></span> <span class='ocrx_word' id='word_1_207' title='bbox 682 2421 832 2489; x_wconf 86' lang='lat' dir='ltr'><strong>Typhoeus,</strong></span> 
     </span>
    </p>

    <p class='ocr_par' dir='ltr' id='par_1_9' title="bbox 96 2497 826 2565">
     <span class='ocr_line' id='line_1_32' title="bbox 96 2497 826 2565; baseline 0.003 -17"><span class='ocrx_word' id='word_1_208' title='bbox 96 2497 207 2550; x_wconf 83' lang='lat' dir='ltr'><strong>Arduus</strong></span> <span class='ocrx_word' id='word_1_209' title='bbox 225 2513 300 2550; x_wconf 88' lang='lat' dir='ltr'><strong>arma</strong></span> <span class='ocrx_word' id='word_1_210' title='bbox 318 2500 429 2562; x_wconf 87' lang='lat' dir='ltr'><strong>teuens;</strong></span> <span class='ocrx_word' id='word_1_211' title='bbox 448 2514 501 2550; x_wconf 90' lang='lat' dir='ltr'><strong>non</strong></span> <span class='ocrx_word' id='word_1_212' title='bbox 519 2502 549 2551; x_wconf 89' lang='lat' dir='ltr'><strong>te</strong></span> <span class='ocrx_word' id='word_1_213' title='bbox 568 2498 681 2550; x_wconf 89' lang='lat' dir='ltr'><strong>rationis</strong></span> <span class='ocrx_word' id='word_1_214' title='bbox 700 2501 826 2565; x_wconf 84' lang='lat' dir='ltr'><strong>egentem</strong></span> 
     </span>
    </p>

    <p class='ocr_par' dir='ltr' id='par_1_10' title="bbox 95 2573 950 2643">
     <span class='ocr_line' id='line_1_33' title="bbox 95 2573 950 2643; baseline 0.004 -18"><span class='ocrx_word' id='word_1_215' title='bbox 95 2573 231 2627; x_wconf 87' lang='lat' dir='ltr'><strong>Lernaeus</strong></span> <span class='ocrx_word' id='word_1_216' title='bbox 248 2574 331 2628; x_wconf 90' lang='lat' dir='ltr'><strong>turba</strong></span> <span class='ocrx_word' id='word_1_217' title='bbox 349 2576 468 2643; x_wconf 87' lang='lat' dir='ltr'><strong>capitum</strong></span> <span class='ocrx_word' id='word_1_218' title='bbox 486 2575 668 2628; x_wconf 87' lang='lat' dir='ltr'><strong>circumstetit</strong></span> <span class='ocrx_word' id='word_1_219' title='bbox 686 2575 787 2641; x_wconf 80' lang='lat' dir='ltr'><strong>anguis.</strong></span> <span class='ocrx_word' id='word_1_220' title='bbox 911 2591 950 2628; x_wconf 72' lang='lat' dir='ltr'><strong>an</strong></span> 
     </span>
    </p>

    <p class='ocr_par' dir='ltr' id='par_1_11' title="bbox 94 2649 790 2719">
     <span class='ocr_line' id='line_1_34' title="bbox 94 2649 790 2719; baseline 0.001 -18"><span class='ocrx_word' id='word_1_221' title='bbox 94 2649 180 2717; x_wconf 74' lang='lat' dir='ltr'><strong>Salve,</strong></span> <span class='ocrx_word' id='word_1_222' title='bbox 199 2667 264 2702; x_wconf 89' lang='lat' dir='ltr'><strong>vera</strong></span> <span class='ocrx_word' id='word_1_223' title='bbox 284 2651 358 2704; x_wconf 91' lang='lat' dir='ltr'><strong>Iovis</strong></span> <span class='ocrx_word' id='word_1_224' title='bbox 376 2651 474 2719; x_wconf 87' lang='lat' dir='ltr'><strong>proles,</strong></span> <span class='ocrx_word' id='word_1_225' title='bbox 494 2651 578 2704; x_wconf 90' lang='lat' dir='ltr'><strong>decus</strong></span> <span class='ocrx_word' id='word_1_226' title='bbox 596 2650 692 2703; x_wconf 86' lang='lat' dir='ltr'><strong>addite</strong></span> <span class='ocrx_word' id='word_1_227' title='bbox 712 2650 790 2717; x_wconf 65' lang='lat' dir='ltr'><strong>divis</strong></span> 
     </span>
    </p>

    <p class='ocr_par' dir='ltr' id='par_1_12' title="bbox 96 2725 819 2796">
     <span class='ocr_line' id='line_1_35' title="bbox 96 2725 819 2796; baseline 0.003 -19"><span class='ocrx_word' id='word_1_228' title='bbox 96 2725 130 2778; x_wconf 82' lang='lat' dir='ltr'><strong>lit</strong></span> <span class='ocrx_word' id='word_1_229' title='bbox 147 2743 196 2779; x_wconf 86' lang='lat' dir='ltr'><strong>nos</strong></span> <span class='ocrx_word' id='word_1_230' title='bbox 215 2729 243 2780; x_wconf 87' lang='lat' dir='ltr'><strong>et</strong></span> <span class='ocrx_word' id='word_1_231' title='bbox 260 2730 309 2781; x_wconf 89' lang='lat' dir='ltr'><strong>tua</strong></span> <span class='ocrx_word' id='word_1_232' title='bbox 327 2727 426 2782; x_wconf 83' lang='lat' dir='ltr'><strong>dexter</strong></span> <span class='ocrx_word' id='word_1_233' title='bbox 444 2728 489 2781; x_wconf 91' lang='lat' dir='ltr'><strong>adi</strong></span> <span class='ocrx_word' id='word_1_234' title='bbox 508 2728 579 2796; x_wconf 87' lang='lat' dir='ltr'><strong>pede</strong></span> <span class='ocrx_word' id='word_1_235' title='bbox 599 2743 675 2780; x_wconf 87' lang='lat' dir='ltr'><strong>sacra</strong></span> <span class='ocrx_word' id='word_1_236' title='bbox 693 2726 819 2780; x_wconf 89' lang='lat' dir='ltr'><strong>secundo.</strong></span> 
     </span>
    </p>

    <p class='ocr_par' dir='ltr' id='par_1_13' title="bbox 93 2801 817 2872">
     <span class='ocr_line' id='line_1_36' title="bbox 93 2801 817 2872; baseline 0.004 -19"><span class='ocrx_word' id='word_1_237' title='bbox 93 2801 166 2854; x_wconf 86' lang='lat' dir='ltr'><strong>Talia</strong></span> <span class='ocrx_word' id='word_1_238' title='bbox 185 2803 349 2856; x_wconf 88' lang='lat' dir='ltr'><strong>carminibus</strong></span> <span class='ocrx_word' id='word_1_239' title='bbox 367 2803 523 2869; x_wconf 90' lang='lat' dir='ltr'><strong>celebrant;</strong></span> <span class='ocrx_word' id='word_1_240' title='bbox 545 2804 735 2872; x_wconf 87' lang='lat' dir='ltr'><strong>superomnia</strong></span> <span class='ocrx_word' id='word_1_241' title='bbox 754 2803 817 2856; x_wconf 80' lang='lat' dir='ltr'><strong>(laci</strong></span> 
     </span>
    </p>

    <p class='ocr_par' dir='ltr' id='par_1_14' title="bbox 94 2878 876 2948">
     <span class='ocr_line' id='line_1_37' title="bbox 94 2878 876 2948; baseline 0.006 -22"><span class='ocrx_word' id='word_1_242' title='bbox 94 2878 253 2942; x_wconf 72' lang='lat' dir='ltr'><strong>Speluncam</strong></span> <span class='ocrx_word' id='word_1_243' title='bbox 271 2879 410 2946; x_wconf 86' lang='lat' dir='ltr'><strong>adiiciunt,</strong></span> <span class='ocrx_word' id='word_1_244' title='bbox 429 2880 634 2948; x_wconf 89' lang='lat' dir='ltr'><strong>spirantemque</strong></span> <span class='ocrx_word' id='word_1_245' title='bbox 652 2879 760 2946; x_wconf 79' lang='lat' dir='ltr'><strong>ignibus</strong></span> <span class='ocrx_word' id='word_1_246' title='bbox 778 2879 876 2946; x_wconf 86' lang='lat' dir='ltr'><strong>ipsum.</strong></span> 
     </span>
    </p>

    <p class='ocr_par' dir='ltr' id='par_1_15' title="bbox 92 2951 949 3085">
     <span class='ocr_line' id='line_1_38' title="bbox 92 2951 949 3023; baseline 0.011 -21"><span class='ocrx_word' id='word_1_247' title='bbox 92 2951 229 3006; x_wconf 81' lang='lat' dir='ltr'><strong>Consonat</strong></span> <span class='ocrx_word' id='word_1_248' title='bbox 244 2971 324 3007; x_wconf 89' lang='lat' dir='ltr'><strong>omne</strong></span> <span class='ocrx_word' id='word_1_249' title='bbox 338 2971 434 3008; x_wconf 89' lang='lat' dir='ltr'><strong>nemus</strong></span> <span class='ocrx_word' id='word_1_250' title='bbox 453 2957 577 3022; x_wconf 86' lang='lat' dir='ltr'><strong>strepitu,</strong></span> <span class='ocrx_word' id='word_1_251' title='bbox 594 2955 732 3023; x_wconf 80' lang='lat' dir='ltr'><strong>collesque</strong></span> <span class='ocrx_word' id='word_1_252' title='bbox 747 2954 891 3008; x_wconf 87' lang='lat' dir='ltr'><strong>resultant.</strong></span> <span class='ocrx_word' id='word_1_253' title='bbox 911 2971 949 3011; x_wconf 76' lang='lat'><strong>³0⁵</strong></span> 
     </span>
     <span class='ocr_line' id='line_1_39' title="bbox 127 3025 740 3085; baseline 0.015 -9"><span class='ocrx_word' id='word_1_254' title='bbox 127 3025 197 3080; x_wconf 80' lang='lat' dir='ltr'><strong>Exin</strong></span> <span class='ocrx_word' id='word_1_255' title='bbox 215 3044 245 3081; x_wconf 90' lang='lat' dir='ltr'><strong>se</strong></span> <span class='ocrx_word' id='word_1_256' title='bbox 264 3031 354 3083; x_wconf 89' lang='lat' dir='ltr'><strong>cuncti</strong></span> <span class='ocrx_word' id='word_1_257' title='bbox 372 3031 470 3083; x_wconf 86' lang='lat' dir='ltr'><strong>divinis</strong></span> <span class='ocrx_word' id='word_1_258' title='bbox 488 3031 570 3083; x_wconf 89' lang='lat' dir='ltr'><strong>rebus</strong></span> <span class='ocrx_word' id='word_1_259' title='bbox 588 3031 624 3084; x_wconf 90' lang='lat' dir='ltr'><strong>ad</strong></span> <span class='ocrx_word' id='word_1_260' title='bbox 643 3031 740 3085; x_wconf 89' lang='lat' dir='ltr'><strong>urbem</strong></span> 
     </span>
    </p>

    <p class='ocr_par' dir='ltr' id='par_1_16' title="bbox 92 3097 758 3174">
     <span class='ocr_line' id='line_1_40' title="bbox 92 3097 758 3174; baseline 0.021 -27"><span class='ocrx_word' id='word_1_261' title='bbox 92 3097 224 3154; x_wconf 87' lang='lat' dir='ltr'><strong>Perfectis</strong></span> <span class='ocrx_word' id='word_1_262' title='bbox 241 3105 371 3158; x_wconf 87' lang='lat' dir='ltr'><strong>referunt.</strong></span> <span class='ocrx_word' id='word_1_263' title='bbox 408 3105 473 3158; x_wconf 89' lang='lat' dir='ltr'><strong>Ibot</strong></span> <span class='ocrx_word' id='word_1_264' title='bbox 491 3123 539 3158; x_wconf 86' lang='lat' dir='ltr'><strong>rex</strong></span> <span class='ocrx_word' id='word_1_265' title='bbox 559 3107 664 3160; x_wconf 87' lang='lat' dir='ltr'><strong>obsitus</strong></span> <span class='ocrx_word' id='word_1_266' title='bbox 683 3124 758 3174; x_wconf 84' lang='lat' dir='ltr'><strong>aevo,</strong></span> 
     </span>
    </p>

    <p class='ocr_par' dir='ltr' id='par_1_17' title="bbox 92 3170 800 3249">
     <span class='ocr_line' id='line_1_41' title="bbox 92 3170 800 3249; baseline 0.024 -29"><span class='ocrx_word' id='word_1_267' title='bbox 92 3170 128 3222; x_wconf 81' lang='lat' dir='ltr'><strong>llt</strong></span> <span class='ocrx_word' id='word_1_268' title='bbox 145 3175 271 3226; x_wconf 85' lang='lat' dir='ltr'><strong>comitem</strong></span> <span class='ocrx_word' id='word_1_269' title='bbox 294 3183 405 3231; x_wconf 83' lang='lat' dir='ltr'><strong>Aenean</strong></span> <span class='ocrx_word' id='word_1_270' title='bbox 424 3181 501 3232; x_wconf 81' lang='lat' dir='ltr'><strong>iuxta</strong></span> <span class='ocrx_word' id='word_1_271' title='bbox 518 3185 668 3249; x_wconf 87' lang='lat' dir='ltr'><strong>natumque</strong></span> <span class='ocrx_word' id='word_1_272' title='bbox 686 3183 800 3237; x_wconf 88' lang='lat' dir='ltr'><strong>tenebat</strong></span> 
     </span>
    </p>
   </div>
   <div class='ocr_carea' id='block_1_3' title="bbox 0 0 1092 3502">
    <p class='ocr_par' dir='ltr' id='par_1_18' title="bbox 0 0 1092 3502">
     <span class='ocr_line' id='line_1_42' title="bbox 0 0 1092 3502; baseline 0 2"><span class='ocrx_word' id='word_1_273' title='bbox 0 0 1092 3502; x_wconf 95' lang='lat' dir='ltr'><strong> </strong></span> 
     </span>
    </p>
   </div>
  </div>
 </body>
</html>
