2154 3518
96 109 126 158 46
323 104 352 152 P.
372 101 527 150 VERGILI
545 100 711 149 MARONIS

93 187 236 254 Ingentem
255 184 329 238 caelo
348 184 467 236 sonitum
486 181 578 245 dedit3
597 181 661 234 inde
680 184 789 234 secutus

93 263 145 316 Per
163 277 253 315 ramos
272 260 356 312 victor
374 275 477 327 perque
496 258 552 312 alta
571 259 711 312 cacumina
728 263 832 327 regnat,

92 339 127 391 Et
145 342 234 391 totum
252 335 366 389 involvit
385 334 500 388 flammis
518 351 621 401 nemus,
640 339 669 387 et
686 337 743 388 ruit
760 340 848 388 atram

92 415 139 468 nd
158 415 262 467 caelum
280 412 357 479 picea
376 428 481 464 crassus
501 409 617 477 caligine
634 411 742 480 nubem,

45 508 64 566 p
92 490 256 544 Praesertim
276 490 298 540 si
318 493 468 557 tempestas
488 503 505 539 a
523 487 626 540 vertice
644 488 718 542 silvis
911 502 961 542 ³10
991 557 995 562 ἡ

91 568 228 635 Incubuit,
246 566 435 633 glomeratque
454 563 545 616 ferens
565 564 688 618 incendia
706 571 811 620 ventus

92 643 152 696 Hoc
170 643 223 710 ubi,
242 660 295 695 non
314 659 330 694 a
350 643 436 710 stirpe
455 643 548 696 valent
567 657 718 710 caesaeque
735 641 836 696 reverti

92 720 210 773 Possunt
228 723 311 787 atque
330 720 384 772 ima
401 719 502 773 similes
521 718 687 772 revirescere
706 722 795 781 terra;

92 795 191 848 infelix
209 799 320 863 superat
338 795 409 848 foliis
429 796 547 850 oleaster
564 795 670 847 amaris.

126 871 151 924 N
153 887 184 924 ec
196 871 247 925 tibi
260 875 315 924 tam
329 872 449 939 prudens
465 872 610 940 quisquam
622 870 786 938 persuadeat
798 873 895 924 auctor
911 885 958 924 als

91 947 227 1001 Tellurem
246 947 334 999 Borea
353 947 471 1015 rigidam
492 948 613 1016 spirante
630 963 745 1000 movere.

93 1024 167 1076 ltura
184 1023 249 1092 gelu
266 1025 331 1076 tunc
351 1023 454 1077 claudit
473 1025 586 1092 hiemps,
607 1039 658 1076 nec
674 1024 777 1076 semine
795 1024 865 1078 iacto

91 1100 253 1153 Concretam
270 1100 375 1167 patitur
394 1100 514 1154 radicem
532 1101 653 1167 adfigere
671 1103 769 1154 terrae.

92 1175 212 1244 Optuma
229 1175 327 1230 vinetis
347 1177 424 1244 satio,
444 1193 505 1230 cum
524 1194 587 1230 vere
605 1176 716 1229 rubenti

92 1252 215 1306 Candida
232 1253 307 1305 venit
327 1254 384 1306 avis
403 1254 490 1322 longis
509 1254 595 1306 invisa
613 1253 737 1322 colubris,
911 1268 955 1308 sao

92 1327 184 1382 Prima
201 1331 243 1383 vel
261 1331 384 1383 autumni
405 1330 455 1383 sub
475 1331 583 1398 frigora,
604 1346 665 1382 cum
684 1328 795 1396 rapidus
813 1329 858 1383 Sol

92 1403 117 1458 N
119 1405 221 1458 ondum
232 1407 349 1460 hiemem
364 1407 497 1475 contingit
513 1408 598 1475 equis,
614 1404 668 1458 iam
679 1406 813 1473 praeterit
824 1409 922 1462 aestas.

93 1480 150 1534 Ver
168 1481 237 1535 adeo
254 1482 344 1536 frondi
365 1500 514 1549 nemorum,
537 1499 585 1535 ver
603 1483 670 1535 utile
689 1482 770 1550 silvis,

93 1557 166 1611 Vere
184 1561 292 1612 tument
311 1562 401 1613 terrae
424 1562 453 1612 et
470 1559 600 1627 genitalia
620 1559 722 1612 semina
739 1537 894 1626 poscunt.⁰

92 1635 160 1687 Tum
178 1639 257 1702 pater
269 1637 438 1705 omnipotens
461 1636 584 1689 fecundis
604 1635 736 1689 imbribus
756 1637 863 1689 Aether
912 1651 954 1690 aaa

93 1711 220 1778 Coniugis
238 1712 266 1764 in
284 1713 419 1780 gremium
438 1714 527 1766 laetae
549 1711 697 1781 descendit,
715 1717 745 1770 et
763 1712 848 1766 omnis

92 1787 208 1854 Magnus
227 1789 283 1853 alit,
302 1806 399 1856 magno
422 1789 584 1842 commixtus
604 1805 723 1857 corpore,
742 1790 822 1842 fetus

93 1863 163 1916 Avia
180 1867 240 1918 tum
258 1870 386 1919 resonant
406 1867 501 1919 avibus
523 1866 640 1933 virgulta
659 1866 771 1932 canoris,

97 1940 128 1992 lit
148 1940 283 1993 Venerem
302 1943 386 1996 certis
406 1945 536 2012 repetunt
556 1948 680 1996 armenta
698 1942 811 2008 diebus;

94 2016 216 2069 l’arturit
235 2017 321 2070 almus
340 2024 412 2087 ager,
436 2019 608 2089 Zephyrique
628 2019 786 2088 tepentibus
804 2021 877 2072 auris
912 2033 952 2070 aso

95 2092 199 2145 Laxant
217 2110 282 2146 arva
300 2095 390 2161 sinus;
412 2101 523 2165 superat
543 2100 622 2150 tener
641 2094 765 2148 omnibus
783 2097 895 2158 hum0r;

94 2168 181 2235 inque
200 2170 371 2224 novossoles
389 2173 492 2226 audent
511 2190 540 2225 se
557 2173 680 2239 gramina
698 2176 759 2225 tuto
780 2161 960 2230 amcam

93 2244 227 2310 Oredere;
245 2262 295 2298 nec
314 2248 413 2300 metuit
436 2248 573 2312 surgentis
591 2248 734 2314 pampinus
751 2247 858 2301 alistros

93 2322 153 2374 Aut
170 2323 261 2373 actum
279 2321 353 2373 caclo
374 2322 479 2388 magnis
501 2321 672 2387 aquilonibus
690 2321 813 2390 imbrem,

61 2396 149 2450 :saed
167 2396 256 2449 trudit
274 2413 395 2463 gemmas
417 2400 446 2448 ct
464 2395 575 2448 frondes
598 2396 716 2465 explicat
733 2399 826 2452 omnis.
914 2415 950 2453 aas

94 2473 156 2525 Non
173 2470 239 2524 alios
257 2465 345 2540 prima
365 2472 512 2525 crescentis
535 2472 640 2541 origine
659 2471 751 2525 mundi

95 2547 229 2602 inluxisse
249 2546 308 2601 dies
327 2549 444 2602 aliumve
463 2548 591 2603 habuisse
610 2553 734 2604 tenorem

94 2623 278 2678 Crediderim:
298 2641 347 2677 ver
364 2625 432 2678 illuri
452 2630 519 2694 erat,
538 2643 586 2680 rer
604 2644 717 2694 magnus
734 2628 835 2695 agebat

94 2700 182 2768 Orbis,
203 2704 232 2754 et
250 2701 370 2754 hibernis
390 2703 541 2771 parcebant
562 2704 673 2758 flatibus
692 2703 770 2757 Euri:

95 2777 164 2831 Cum
182 2778 287 2846 primae
306 2777 394 2832 lucem
412 2780 532 2848 pecudes
552 2780 675 2846 hausere,
694 2781 837 2848 virumque
913 2793 949 2832 elo

96 2853 200 2907 Ferrea
218 2855 362 2922 progenies
382 2855 457 2910 duris
478 2859 560 2924 caput
578 2857 678 2910 extulit
697 2856 775 2923 arvis,

98 2929 286 2998 inmissaeque
305 2931 379 2985 ferae
400 2932 473 2984 silvia
493 2935 522 2984 et
541 2931 632 2984 sidera
652 2932 732 2985 caele.

98 3004 124 3055 N
126 3021 163 3057 ec,
174 3022 218 3057 res
236 3007 307 3060 huno
325 3011 437 3061 tenerae
456 3012 569 3074 possent
587 3009 710 3074 perferre
728 3006 858 3075 laborem,

99 3079 127 3132 si
144 3095 198 3131 non
217 3085 295 3135 tanta
314 3084 392 3151 quies
410 3083 464 3135 iret
482 3083 624 3151 frigusque
643 3083 814 3150 caloremque

101 3154 185 3218 Inter,
205 3159 233 3208 et
252 3158 392 3226 exciperet
410 3158 477 3212 caeli
496 3158 666 3224 indulgentia
684 3161 778 3210 terras.
915 3173 946 3212 aa
