2154 3518
352 171 561 219 GEORGICON
578 171 647 221 LIB.
668 171 690 220 l.
918 173 948 219 35

95 251 242 304 rdaxumus
260 251 385 318 agricolis
403 251 553 320 pelagoque
571 251 714 320 parabitur
730 250 833 318 imber3

98 331 138 381 At
156 328 178 380 si
189 327 348 394 ‚virgineum
368 327 511 382 suffuderit
529 345 575 382 oro
593 329 728 396 ruborem,
913 339 950 381 teo

96 403 205 457 Ventus
222 405 289 467 erit;
313 407 394 457 vento
413 421 521 473 semper
538 403 620 459 rubet
638 423 720 458 auree
739 405 855 459 Phoebe.

95 479 144 533 Sin
162 484 225 533 ortu
244 485 349 548 quarto,
369 497 486 548 namque
504 481 527 535 is
546 483 713 535 certissimus
730 486 833 550 auctor,

96 557 171 608 Pura
188 573 276 624 neque
294 558 418 610 obtunsis
435 575 485 625 per
504 559 608 612 caelum
627 559 752 612 cornibus
769 559 827 624 ibit,

95 633 181 686 Totus
199 638 227 686 et
244 633 289 685 ille
308 635 374 700 dios,
394 639 422 688 et
441 636 486 701 qui
503 639 649 688 nascentur
666 636 701 689 ub
718 636 764 688 illo

97 711 230 763 araceum
248 710 284 762 ad
302 728 431 778 mensem,
449 712 539 780 pluvia
557 712 701 781 ventisque
720 712 859 779 carebunt,
913 727 948 764 rna

98 786 225 854 Votaque
243 787 344 840 servati
364 787 469 840 solvent
487 787 514 840 in
532 787 612 840 litore
633 794 732 842 nautae

96 863 198 915 Glauco
217 867 246 916 et
265 862 408 932 Panopeae
426 867 455 916 et
475 864 542 916 Inoo
562 864 726 919 Melicertes.

96 937 142 992 b'ol
162 956 270 1007 quoque
288 943 317 992 et
336 940 467 1007 exoriens,
486 944 514 993 et
532 957 594 993 cum
612 957 641 993 se
659 941 757 994 condet
775 941 802 993 in
821 941 916 1006 undas,

97 1015 180 1083 Signo
198 1014 288 1081 dabit;
308 1016 392 1070 solem
410 1018 562 1070 certissima
580 1018 656 1085 signu
675 1021 833 1084 sequuntur,

96 1091 132 1144 llt
151 1109 221 1159 quae
238 1109 317 1147 moue
335 1093 427 1158 refert,
447 1097 475 1146 ot
494 1111 563 1162 quae
582 1093 754 1161 surgentibus
772 1094 860 1146 astris.
912 1107 948 1146 uo

97 1167 150 1221 llle
167 1168 214 1221 ubi
232 1173 387 1223 nascentem
405 1169 515 1223 maculis
535 1170 679 1222 variaverit
697 1173 785 1222 ortum

98 1245 231 1298 Conditus
248 1247 277 1297 in
294 1246 402 1312 nubem,
421 1246 566 1312 medioque
586 1247 718 1312 refugerit
735 1245 808 1311 orbe,

97 1321 221 1389 Suspecti
239 1321 290 1374 tibi
309 1322 363 1375 sint
380 1322 497 1385 imbres;
517 1339 634 1389 namquo
654 1322 806 1388 urguetab
823 1321 878 1374 alto

99 1396 305 1465 Arboribusque
324 1399 443 1466 satisque
463 1397 551 1449 Notus
569 1399 715 1466 pecorique
734 1398 849 1452 sinister.

101 1475 157 1526 Aut
176 1473 222 1525 ubi
240 1473 290 1525 sub
308 1475 395 1526 lucem
414 1474 499 1526 densa
517 1472 588 1525 inter
606 1471 697 1526 'nubila
714 1490 774 1526 sese
912 1488 947 1527 415

101 1550 204 1602 lliversi
224 1553 349 1618 rumpent
368 1550 445 1616 radii,
464 1552 512 1601 sut
530 1548 577 1602 ubi
597 1549 696 1617 pallida
716 1553 810 1617 surget

101 1625 205 1678 'Pithoni
223 1643 346 1679 croceum
364 1627 488 1693 linquens
507 1629 615 1679 Aurora
633 1626 728 1692 cubile,
784 1630 786 1633 ’

100 1702 170 1769 Heu,
188 1702 257 1755 male
275 1707 334 1755 tum
352 1703 425 1756 mitis
444 1702 573 1756 defendet
591 1703 733 1772 pampinus
751 1717 830 1754 uvas:

99 1777 163 1830 'l'am
182 1778 268 1832 multa
286 1779 313 1830 in
331 1779 411 1832 tectis
431 1779 567 1846 crepitans
587 1779 649 1832 salit
667 1779 778 1831 horrida
794 1777 905 1845 grando.

100 1853 160 1906 Hoc
178 1854 267 1919 etiam,
286 1871 395 1908 emenso
414 1872 473 1907 cum
492 1856 546 1907 iarn
566 1855 675 1909 decedit
694 1854 816 1923 Olympo,
911 1869 948 1909 450

102 1929 234 1982 l'rofuerit
252 1932 405 1984 meminisse
423 1932 522 1998 magis3
543 1949 607 1985 nam
625 1947 705 1998 saepo
722 1932 845 1984 videmus

99 2004 188 2072 ipsius
206 2007 233 2057 in
252 2006 326 2058 voltu
345 2009 433 2060 varios
452 2024 543 2060 errare
562 2008 681 2071 colores;

99 2080 244 2134 Caeruleus
262 2082 380 2150 pluviam
401 2083 550 2148 denuntiat,
570 2084 664 2150 igneus
683 2083 784 2146 Euros;

99 2157 146 2209 Sin
164 2159 285 2210 maculae
303 2159 432 2226 incipient
451 2159 532 2210 rutilo
550 2158 718 2210 inmiscerier
734 2158 797 2225 igni,

99 2234 195 2286 Omnia
214 2238 272 2286 tum
290 2236 394 2303 pariter
410 2240 491 2289 vento
510 2233 663 2302 nimbisque
681 2232 786 2286 videbis
912 2251 948 2290 4⁵5

100 2311 224 2363 ll'errere.
261 2310 285 2361 N
288 2327 322 2362 on
339 2311 385 2364 illa
403 2317 545 2379 qnisquam
564 2327 607 2363 me
626 2313 704 2363 nocte
721 2327 771 2378 per
788 2311 873 2364 altum

100 2388 152 2453 lre,
171 2403 260 2454 neque
278 2401 294 2438 a
311 2391 386 2441 terra
404 2392 512 2440 moneat
531 2387 682 2441 conuellere
700 2386 798 2440 funem.

29 2463 34 2472 '
101 2466 139 2516 At
157 2464 186 2529 si,
205 2479 266 2514 cum
285 2463 440 2532 referetque
460 2465 531 2517 diem
550 2463 703 2530 condetque
721 2463 845 2531 relatum,

100 2537 217 2592 Lucidus
236 2539 309 2592 orbis
328 2541 387 2606 erit,
406 2541 509 2593 frustra
528 2539 668 2594 terrebere
686 2539 792 2604 nimbis,

100 2615 135 2667 m
152 2615 224 2668 claro
242 2615 322 2668 silvas
340 2633 435 2669 cernes
455 2617 591 2684 Aquilone
609 2616 716 2669 moveri.
738 2643 741 2674 ;
914 2631 948 2668 loo

100 2691 230 2758 Denique,
249 2691 317 2760 quid
334 2709 431 2761 vesper
449 2709 524 2745 serus
543 2695 632 2758 vehat,
650 2691 723 2744 unde
741 2708 850 2745 serenas

100 2765 206 2820 Ventus
223 2772 287 2835 agat
306 2769 398 2834 nubes,
418 2769 485 2836 quid
501 2770 603 2837 cogitet
620 2767 746 2821 humidus
765 2770 875 2835 Auster,

99 2841 143 2896 aul
161 2843 212 2896 tibi
230 2843 306 2910 signa
324 2843 408 2898 dabit.
446 2844 535 2898 Solem
554 2844 615 2914 quis
634 2845 724 2897 dicere
740 2845 838 2897 falsum

100 2919 226 2972 Audeatl
264 2919 315 2972 Ille
333 2921 415 2974 etiam
433 2937 525 2974 caecos
542 2923 645 2974 instare
663 2922 797 2974 tumultus

100 2994 186 3064 Saepe
198 3000 299 3064 mouet,
311 2995 491 3064 fraudemque
503 3003 532 3051 et
544 3001 640 3065 operta
651 3001 803 3050 tumescere
815 2994 893 3049 bella.
913 3009 949 3048 aar
972 3005 977 3010 '

101 3071 151 3124 llle
170 3073 252 3126 etiam
271 3073 406 3126 exstincto
424 3073 568 3126 miseratus
587 3073 704 3126 Caesare
723 3073 844 3140 Romam,

100 3144 167 3201 Cum
187 3151 268 3216 caput
287 3148 400 3202 obscura
417 3148 534 3202 nitidum
553 3149 690 3216 ferrugine
708 3149 786 3215 texit,

101 3223 243 3292 Impiaque
261 3228 400 3278 aeternam
418 3226 569 3278 tinnierunt
588 3225 694 3278 saecula
711 3227 826 3281 noctem..

178 3301 194 3345 4
