2174 3502
115 145 163 196 250
344 144 375 194 P.
393 145 545 194 VERGILI
563 145 729 194 MARONIS

114 243 164 296 Est
181 258 249 312 opus
267 243 296 295 in
314 241 442 306 Teucros.
479 241 595 295 Addant
613 259 642 295 se
660 243 787 310 protinus
804 257 900 297 ornnes

114 317 221 371 Etrusci
240 319 333 371 socios.
369 317 507 371 Tenebras
526 321 555 371 et
573 318 672 371 inertia
689 317 764 371 furta
933 336 973 376 ιω

113 394 236 459 Palladii,
255 394 341 448 caesis
360 410 482 447 summae
499 393 661 447 custodibus
680 395 758 462 arcis,

113 469 156 524 Ne
174 470 307 535 timeant;
325 486 376 522 nec
394 470 457 538 equi
476 486 557 522 caeca
574 470 724 523 condemur
741 472 770 523 in
787 471 863 534 alvo;

113 537 193 612 Luce,
211 546 309 614 palam,
328 549 434 599 certum
453 549 496 600 est
513 546 569 614 igni
587 546 756 599 circumdare
774 563 874 600 muros.

112 621 198 675 Haud
216 621 267 676 sibi
285 639 346 674 cum
365 623 467 676 Danais
484 638 543 675 rem
561 622 624 675 faxo
643 626 672 676 et
689 622 762 690 pube
782 622 899 690 Pelasga

112 698 180 752 Esse
192 703 298 768 putent,
308 698 452 752 decumum
462 715 530 766 quos
538 699 648 752 distulit
657 699 762 751 Hector
774 699 803 750 in
811 715 920 752 annuus.
933 717 972 754 155

112 774 192 827 Nunc
210 775 287 841 adeo,
307 775 404 828 melior
421 775 549 843 quoniam
568 791 632 842 pars
651 778 712 828 acta
731 775 793 841 diei,

112 850 193 913 Quod
210 854 343 918 superest
361 851 426 904 laeti
446 851 515 904 bene
533 851 619 918 gestis
637 867 750 919 corpora
767 851 852 904 rebus

114 927 271 992 Procurate,
289 926 349 992 viri,
369 930 398 980 et
416 943 536 996 pugnam
555 931 665 994 sperate
683 927 782 995 parari.

114 1003 226 1055 Interea
244 1001 357 1070 vigilum
375 1004 497 1056 excubiis
517 1002 643 1056 obsidere
661 1007 755 1072 portas

114 1077 186 1130 Cura
204 1079 288 1131 datur
306 1078 434 1147 Messapo
452 1083 481 1132 et
499 1080 606 1132 moenia
623 1080 733 1146 cingere
751 1079 875 1134 flammis.
932 1095 972 1133 roo

113 1155 161 1207 Bis
179 1159 286 1224 septem
307 1154 409 1223 Rutuli,
429 1172 520 1208 muros
539 1156 586 1223 qui
604 1156 692 1208 milite
711 1159 828 1220 servent,

112 1231 233 1298 llelecti;
251 1235 295 1285 ast
312 1231 372 1285 illos
391 1233 499 1285 centeni
518 1249 656 1300 quemque
675 1235 827 1300 sequuntur

112 1307 247 1376 Purpurei
266 1309 356 1360 cristis
374 1309 487 1361 iuvenes
505 1325 628 1375 auroque
646 1308 758 1361 corusci.

112 1383 284 1451 Discurrunt,
303 1385 464 1451 variantque
482 1384 562 1448 vices,
580 1384 689 1452 fusique
707 1401 757 1453 per
774 1383 890 1438 herbam

112 1458 262 1528 Indulgent
280 1460 348 1526 vino,
368 1463 397 1514 et
414 1463 666 1514 vertunt-crateras
684 1476 773 1513 aenos
932 1477 971 1515 los

112 1536 263 1590 Conlucent
281 1538 374 1603 ignes3
393 1540 501 1590 noctem
520 1537 645 1590 custodia
663 1536 741 1590 ducit

112 1612 269 1665 Insomnem
288 1612 360 1665 ludo.

147 1688 224 1741 Hace
242 1704 325 1755 super
343 1705 359 1741 e
377 1688 447 1741 vallo
465 1692 643 1757 prospectant
662 1689 753 1755 Troes,
772 1692 801 1741 ct
818 1690 903 1742 annis

112 1765 180 1817 Alta
198 1767 311 1828 tenent3
330 1781 380 1818 nec
398 1781 452 1817 non
470 1765 573 1833 trepidi
591 1765 737 1817 formidine
755 1767 850 1832 portas

111 1841 268 1910 Explorant‚
287 1843 433 1909 pontisque
451 1845 481 1895 et
499 1841 704 1910 propugnacula
721 1842 846 1907 iungunt,
933 1857 970 1895 170

111 1917 177 1970 Tela
194 1921 301 1986 gerunt.
339 1917 448 1971 Instant
466 1917 626 1970 Mnestheus
646 1933 764 1984 acerque
784 1917 920 1984 Serestus,

112 1994 186 2056 Quos
204 2007 284 2061 pater
304 1995 421 2060 Aeneas,
440 1995 463 2046 si
482 1993 591 2060 quaudo
610 1993 726 2046 adversa
744 1997 881 2056 vocarent,

111 2070 244 2122 ltectores
262 2071 390 2122 iuvenum
409 2073 438 2122 et
456 2085 547 2121 reruni
567 2069 645 2122 dedit
664 2085 724 2122 esse
742 2069 896 2135 magistros.

111 2146 207 2199 Omnis
224 2162 275 2214 per
293 2162 385 2198 muros
402 2145 481 2211 legi0‚
501 2145 598 2197 sortita
615 2145 757 2214 periclum,

110 2221 236 2275 Excubat
249 2225 413 2288 exercetque
425 2221 505 2287 vices,
520 2221 593 2288 quod
606 2221 705 2288 cuique
714 2220 848 2274 tuendum
861 2223 914 2274 est.
932 2235 969 2274 175

145 2294 230 2350 Nisus
249 2299 309 2348 erat
326 2299 424 2363 portae
441 2301 541 2363 custos
560 2298 709 2349 acerrimus
728 2296 817 2361 armis,

111 2373 286 2442 Hyrtacides,
305 2371 432 2423 comiteur
453 2373 564 2425 Aeneae
583 2389 665 2441 quem
684 2373 797 2424 miserat
817 2371 869 2424 Ida

110 2447 253 2514 Venatrix,
272 2447 360 2500 iaculo
378 2447 495 2500 celerem
513 2449 673 2517 levibusque
692 2449 814 2515 sagittis;

110 2523 147 2577 Et
165 2525 244 2577 iuxta
262 2540 351 2576 comes
371 2522 511 2591 Euryalus,
531 2541 585 2593 quo
603 2525 742 2593 pulchrior
760 2523 830 2576 alter

111 2602 135 2654 N
138 2619 172 2655 on
189 2601 242 2654 fuit
262 2599 425 2653 Aeneadum
444 2599 559 2652 Troiana
576 2615 666 2668 neque
683 2601 774 2653 induit
792 2615 876 2667 arma,
930 2617 968 2654 iso

111 2677 167 2731 Ora
185 2693 254 2746 puer
271 2677 360 2744 prima
379 2676 487 2741 signans
504 2675 615 2730 intonsa
632 2677 752 2730 iuventa.

111 2754 164 2806 His
182 2769 257 2806 amor
274 2767 344 2804 unus
363 2756 430 2816 erat,
449 2751 608 2819 pariterque
626 2753 654 2804 in
672 2752 746 2804 bella
763 2751 896 2816 ruebaut;

10 2892 12 2895 ¹
111 2829 179 2882 'luni
198 2842 307 2897 quoque
325 2826 460 2878 communi
478 2830 587 2894 portam
606 2829 724 2881 statione
742 2827 882 2880 tenebant

111 2905 195 2957 Nisus
213 2905 263 2956 ait:
283 2901 355 2953 Dine
372 2899 445 2952 hunc
463 2901 588 2955 ardorem
607 2903 745 2957 inentibus
763 2903 877 2969 addunt,

111 2981 236 3046 Euryale,
255 2995 289 3030 an
308 2992 357 3028 sua
374 2975 472 3041 cuique
491 2975 558 3030 deus
576 2979 608 3030 fit
627 2979 688 3031 dira
706 2978 823 3046 cupidol
928 2993 964 3031 iss

112 3056 170 3105 Aut
187 3071 314 3120 pugnarn,
334 3054 382 3103 aut
396 3051 501 3117 aliquid
513 3053 674 3106 iamdudum
690 3054 819 3108 invadere
834 3069 964 3121 magnum

110 3127 191 3178 Mens
209 3129 297 3194 agitat
314 3125 389 3191 mihi,
406 3141 457 3177 nec
474 3127 583 3194 placida
601 3135 731 3182 contenta
748 3131 842 3198 quiete
860 3137 911 3184 est

20 3224 80 3248 .-
111 3200 214 3268 Cernis,
233 3221 303 3270 quae
322 3200 438 3253 Rutulos
456 3203 557 3258 habeat
574 3205 675 3258 fiducia
693 3223 798 3260 reruni:
