2154 3518
373 175 577 224 GEORGIOON
595 177 664 227 ΠΒ.
684 178 706 226 Ι,
939 177 969 223 31

114 255 168 310 Fas
186 257 215 308 et
233 254 293 308 iura
310 253 415 310 sinunt:
436 256 508 309 rivos
526 257 663 311 deducere
681 257 756 310 nullo

113 333 219 399 Religio
237 331 333 398 vetuit,
352 333 438 399 segeti
457 333 638 400 praetendere
657 350 774 401 saepem,
936 347 972 388 270

112 408 229 461 Insidias
248 407 343 460 avibus
361 409 457 475 moliri,
476 409 622 462 incendere
641 426 746 478 vepres,

111 483 315 550 Balantumque
332 499 444 550 gregem
463 485 544 538 fluvio
564 502 683 538 mersare
703 485 814 538 salubri.

112 561 200 630 Saepe
219 560 279 612 oleo
297 560 371 614 tardi
389 566 479 614 costus
497 562 616 628 agitator
634 561 709 614 aselli

113 635 219 692 Vilibus
239 642 287 691 aut
305 640 402 690 onerat
420 638 515 705 pernis,
534 637 707 705 lapidemque
725 641 867 690 revertens

113 715 241 768 Incusum
261 718 309 766 aut
327 719 403 765 utrae
421 730 536 766 massam
556 713 622 781 picis
639 713 707 766 urbe
726 716 856 780 reportat.
933 726 970 766 ns

147 791 212 858 Ipsa
231 789 290 842 dies
308 789 375 840 alios
394 789 445 841 ulio
464 788 542 842 dedit
561 789 656 841 ordine
675 788 751 842 Luna

113 865 211 919 Felicis
229 881 350 933 operum.
390 864 517 928 Quintam
537 865 615 933 fuge:
635 865 752 932 palhdus
771 864 857 917 Oreus

114 941 331 1009 ,Eumenidesque
350 945 441 1006 satae3
462 945 521 994 tum
539 945 622 1010 partu
640 942 725 994 Terra
742 940 860 993 nefando

113 1017 267 1085 Coeumque
287 1017 469 1084 Iapetumque
487 1020 570 1084 creat,
590 1034 755 1085 saevumque
774 1015 907 1084 Typhoea,

112 1093 149 1146 Et
167 1094 319 1148 coniuratos
339 1093 443 1146 caelum
461 1094 616 1148 rescindere
634 1095 740 1147 fratres.
930 1105 968 1144 aso

112 1169 165 1222 'ler
183 1175 245 1223 suut
264 1169 353 1221 conati
370 1169 501 1237 inponere
521 1170 597 1223 Pelio
616 1171 713 1223 Ossam

113 1246 225 1310 Scilicet,
243 1248 327 1312 atque
347 1245 432 1298 Ossae
449 1245 608 1300 frondosum
625 1246 763 1298 involvere
782 1243 941 1312 Olyrnpum3

112 1322 165 1374 Ter
184 1322 267 1374 Pater
286 1324 440 1374 exstructos
459 1321 565 1375 disiecit
582 1323 695 1375 fulmine
713 1321 819 1373 montis.

112 1398 244 1466 Septuma
262 1400 324 1464 post
343 1396 484 1449 decumam
503 1397 568 1450 felix
587 1401 616 1450 et
635 1414 736 1466 ponere
755 1396 845 1460 vitem,

113 1474 149 1527 Et
166 1489 279 1542 prensos
298 1472 432 1525 domitare
449 1471 540 1542 borea,
558 1477 587 1527 et
604 1474 665 1526 licia
683 1472 755 1526 telae
929 1485 965 1524 aas

112 1549 243 1614 Addere3
265 1565 335 1602 nona
353 1549 432 1616 fugae
451 1550 552 1617 melior,
571 1550 708 1604 contraria
724 1548 812 1601 iurtis.

147 1624 236 1679 Multa
254 1624 323 1678 adeo
340 1624 430 1692 gelida
447 1625 544 1678 melius
563 1643 592 1680 se
610 1629 689 1679 nocte
708 1624 817 1690 dedere,

112 1703 170 1756 Aut
189 1719 250 1756 cum
268 1700 324 1754 sele
342 1716 411 1754 novo
429 1705 517 1755 terres
534 1703 638 1756 inrorat
658 1703 736 1754 Eous.

111 1779 199 1833 Nocte
218 1779 291 1832 leves
309 1778 405 1832 melius
424 1779 546 1846 stipulae,
564 1782 644 1832 nocte
663 1778 739 1832 mida
757 1779 836 1844 prata

112 1854 284 1917 'sordentum
305 1857 397 1906 noctes
416 1854 506 1907 lentus
524 1871 577 1907 non
596 1854 689 1908 deficit
707 1854 810 1906 humor.
929 1863 965 1901 aso

112 1931 147 1984 lit
166 1931 276 1999 quidam
296 1946 370 1982 seros
387 1928 493 1982 hiberni
512 1930 547 1983 ad
566 1931 674 1984 luminis
691 1931 760 1997 ignis

115 2007 265 2074 Pervigilat,
285 2007 411 2075 ferroque
430 2007 502 2059 iaces
521 2007 635 2074 inspicat
653 2011 747 2069 acuto;

81 2073 85 2084 '
113 2083 223 2137 Interea
240 2083 350 2149 longum
368 2086 451 2134 cantu
469 2084 557 2136 solata
575 2083 695 2135 laborem

113 2162 221 2227 Arguto
239 2159 354 2212 coniunx
375 2159 509 2226 percurrit
527 2159 635 2226 pectine
653 2159 729 2221 telae,

113 2239 172 2289 Ant
189 2234 275 2288 dulcis
294 2235 376 2286 musti
394 2233 515 2287 Volcano
535 2235 662 2302 decoquit
681 2235 821 2286 humorem
927 2245 964 2282 zos

113 2311 149 2364 lit
165 2311 234 2364 foliis
252 2311 354 2363 undam
372 2311 475 2380 trepidi
494 2311 637 2379 despumat
655 2312 722 2363 aeni.

115 2389 153 2442 At
171 2387 321 2440 rubicunda
341 2387 423 2441 Oeres
442 2387 532 2440 medio
553 2387 700 2440 succiditur
717 2389 803 2452 aestu,

113 2466 148 2518 Et
166 2463 254 2518 medio
273 2469 359 2518 tostas
379 2468 457 2518 aestu
477 2466 543 2516 terit
561 2480 625 2516 area
643 2464 743 2529 fruges.

113 2541 207 2593 Nudus
225 2558 279 2608 ara,
299 2559 360 2594 scre
380 2541 485 2605 nudus;
506 2541 611 2608 hiemps
631 2541 728 2607 ignava
745 2537 845 2591 colone.

113 2615 267 2683 Frigoribus
286 2623 365 2686 parto
385 2618 517 2684 agricolae
537 2616 698 2684 plerumque
716 2615 852 2681 fruuntur,
927 2626 965 2662 eoo

111 2687 262 2760 illatusque
279 2696 353 2747 inter
371 2711 400 2747 se
418 2693 483 2746 laeti
503 2693 623 2745 convivia
641 2696 752 2753 curant;

112 2767 213 2821 Invitat
231 2771 342 2837 getium
362 2770 464 2837 hiemps
485 2787 618 2837 curasque
639 2766 762 2821 resolvit:

112 2843 168 2896 Ceu
185 2863 294 2913 pressae
313 2862 374 2898 cum
391 2847 445 2898 iam
463 2850 572 2914 portum
592 2846 710 2911 tetigere
728 2843 842 2908 carinae,

113 2919 252 2987 Puppibus
271 2925 300 2975 et
317 2922 383 2976 laeti
400 2926 501 2976 nautae
518 2923 663 2990 inposuere
682 2936 801 2976 coronas.

113 2995 167 3048 Sed
179 3001 271 3050 tamen
285 3002 313 3051 et
326 3014 443 3065 quernas
453 2998 568 3065 glandes
581 3001 639 3050 tum
654 2998 789 3063 stringere
801 2998 911 3063 tempus
928 3007 965 3046 eos

113 3071 148 3124 lit
165 3071 234 3124 lauri
252 3073 333 3125 bacas
351 3073 492 3140 oleamque
511 3077 679 3141 cruentaque
697 3075 801 3139 myrta;

113 3146 180 3199 Turn
198 3148 311 3215 gruibus
329 3149 439 3216 pedicas
458 3153 487 3202 et
505 3149 575 3202 retia
592 3165 695 3216 ponere
714 3147 807 3211 cervis,

116 3215 281 3285 duriterque
299 3219 375 3285 sequi
394 3218 515 3285 lepores;
537 3222 595 3270 tum
614 3218 699 3282 ligere
716 3215 847 3282 dammas,
