2154 3518
112 125 142 169 66
348 123 553 172 GEORGICON
576 124 644 174 LIB.
669 124 723 174 ΠΙ.

5 207 10 214 ·
113 201 221 266 Vipera,
241 202 271 252 et
288 201 397 253 attoniti
418 203 538 268 squamis
557 197 731 258 adstantibus
749 205 835 273 hydri.
941 228 983 266 ers

113 276 183 344 Ipsis
202 279 244 328 est
262 292 310 328 aer
328 277 424 331 aribus
443 295 496 331 uon
515 297 626 347 aequus,
646 286 675 333 et
692 281 755 336 illae

112 351 278 420 Praecipites
296 353 352 406 alta
371 353 454 406 ritanr
473 355 524 408 sub
543 355 615 409 nulle
633 357 798 426 relinquunt

111 430 258 484 Praeterea
276 430 329 482 iarn
349 447 398 482 nee
417 433 516 484 rnutari
536 432 637 500 pabula
655 435 746 502 refert,

111 507 310 574 eraesitaeque
328 512 427 559 nocent
445 513 534 573 artos3
556 526 663 563 cessere
681 513 812 581 magistri,

110 583 272 651 Phillyrides
292 582 392 635 Chiron
415 585 667 654 Amythaoniusque
686 587 845 657 Melampus.
938 612 980 651 sna

109 660 208 726 Saevit,
227 665 255 714 et
274 660 300 712 in
320 659 406 712 luoorn
427 661 526 730 Stygiis
545 663 643 716 eurissa
663 665 783 718 tenebris

110 737 215 790 Pallida
234 737 379 805 Tisiphone
398 737 509 791 Morbos
528 740 669 806 agitante
688 741 856 808 Metumque,

109 814 198 882 Inque
217 814 275 867 dies
293 814 403 868 avidum
423 831 538 882 surgens
557 820 639 884 eaput
657 816 739 870 altius
758 817 843 872 effert.

109 890 207 944 Balatu
225 908 353 959 peeorurn
372 896 401 944 et
419 891 522 945 crebris
541 892 691 960 mugitibus
709 909 802 946 arnnes

110 970 282 1036 Arentesque
301 972 397 1021 sonant
415 969 491 1036 ripae
509 969 647 1037 collesque
666 969 762 1037 supini.
932 990 974 1028 aas

109 1043 224 1112 lamque
241 1046 401 1097 catervatim
420 1044 468 1098 dat
487 1049 606 1112 stragem
625 1049 709 1114 atque
727 1050 841 1115 aggerat
858 1048 929 1114 ipsis

109 1121 142 1172 In
161 1120 275 1173 stabulis
292 1121 367 1188 turpi
385 1121 491 1188 dilapsa
508 1121 641 1175 cadevera
659 1122 731 1190 tabo,

108 1195 200 1249 Donec
218 1196 300 1249 humo
318 1201 413 1264 tegere
431 1213 462 1250 ao
480 1197 563 1251 foveis
581 1197 748 1252 abscondere
766 1201 880 1256 diseunt.

107 1272 133 1326 N
136 1290 179 1326 arn
197 1291 287 1344 neque
305 1278 365 1328 erat
383 1275 464 1327 coriis
481 1291 554 1342 usus,
574 1291 623 1328 nee
642 1276 746 1328 viscora
765 1277 910 1346 quisquam

108 1351 167 1404 Aut
184 1351 265 1405 undis
283 1351 392 1404 abolere
411 1351 576 1420 potestant
595 1352 703 1404 vincere
722 1352 843 1416 llarnnra;
923 1372 967 1411 soa
1070 1383 1071 1390 κ

107 1424 151 1480 Ne
168 1429 283 1482 tondere
301 1428 412 1496 quidem
432 1428 527 1480 rnorbo
546 1427 702 1496 inluvieque
722 1445 819 1497 peresa

5 1529 6 1534 =
108 1502 218 1556 Vellera
236 1521 285 1557 nee
303 1503 372 1557 telas
390 1509 504 1572 possunt
522 1506 659 1572 attingere
677 1505 782 1573 putris;
883 1531 886 1536 ·

107 1578 210 1631 Verurn
230 1565 438 1646 etiana‘lnvisos
456 1581 479 1632 si
497 1581 559 1648 quis
577 1585 728 1648 temptarat
745 1583 867 1652 amictus,

108 1655 246 1710 Ardentes
264 1657 377 1725 papulae
395 1662 479 1726 atque
496 1657 642 1710 inrnundus
660 1657 761 1711 olentia
779 1659 861 1713 sudor

108 1731 232 1785 Membra
250 1733 420 1800 sequebatur,
438 1750 488 1787 nee
505 1733 586 1800 longo
605 1733 705 1786 deinde
723 1734 839 1788 rnoranti
922 1754 964 1792 ooo

107 1807 239 1877 Tempore
257 1813 394 1863 contactos
412 1815 488 1864 artus
507 1825 586 1890 sager
600 1807 672 1869 ignis
690 1807 798 1863 edebat.
820 1842 822 1859 .
848 1827 870 1890 χ
875 1833 895 1900 7
908 1859 935 1870 ,,
