2154 3518
367 156 555 208 Buconica,
586 157 662 206 EOL.
683 158 713 206 V.
942 149 969 198 ll

120 239 161 291 'ln
180 239 263 291 decus
281 252 360 290 omno
378 238 440 292 tuis.
477 239 628 306 Postquam
644 241 675 294 te
692 240 750 294 fata
767 239 898 306 tulerunt,

120 315 186 383 ipsa
204 314 284 368 Pales
301 331 380 382 agros
398 320 481 384 atqua
499 317 558 384 ipse
576 316 689 385 reliquit
708 317 814 386 Apollo.
946 335 969 375 ³5

119 391 241 444 Grandia
259 407 340 460 saepe
359 392 457 459 quibus
476 393 664 448 mandavimus
681 394 785 448 hordea
802 393 891 460 sulcis,

119 467 220 521 Infelix
238 468 332 522 lolium
351 473 379 522 et
397 471 506 522 steriles
523 475 673 524 naseuntur
690 487 808 536 avenac;

120 544 174 597 Pro
193 544 268 598 molli
286 545 363 609 viola,
380 562 430 613 pro
449 563 586 614 purpureo
605 549 731 613 narcisso,

119 620 245 674 Carduus
263 625 292 674 et
311 621 395 688 spinis
413 623 501 688 surgit
519 623 640 689 paliurus
659 625 755 678 acutis.

119 697 247 764 Spargite
264 697 376 750 humum
394 697 473 763 foliis,
493 698 616 752 inducite
634 700 755 754 fontibus
772 701 892 765 umbras,
950 714 974 752 m

119 772 268 837 Pastores;
285 773 399 827 mandat
417 773 476 826 fieri
495 774 547 827 sibi
565 775 631 828 talia
650 775 790 844 Daphnis3

120 850 154 902 ht
173 850 309 902 tumulum
326 850 416 915 facite,
435 853 465 903 et
483 851 588 904 tumulo
606 851 785 920 superaddite
802 867 911 906 carmen
921 861 932 904 :¹

154 926 277 994 Daphnis
295 942 345 994 ego
363 926 390 979 in
408 926 491 993 silvis,
510 927 572 981 hine
590 945 677 996 usque
696 929 731 981 ad
749 928 841 981 sidera
854 931 974 993 uetusta

154 1001 276 1056 Fennosi
294 1004 399 1070 pecoris
415 1006 516 1071 eustos,
534 1005 676 1057 formosior
694 1006 759 1074 ipse.

156 1078 210 1131 Mo.
230 1079 295 1132 Tale
312 1082 391 1132 tuum
409 1096 519 1136 carmen
537 1080 622 1146 nobis,
642 1081 733 1134 divino
751 1085 840 1150 poeta,

118 1155 204 1218 Quale
223 1171 303 1224 sopor
320 1156 398 1209 fessis
416 1157 444 1208 in
461 1156 591 1223 gramine.
610 1158 690 1225 quale
708 1174 758 1226 per
776 1161 882 1210 aestum

119 1231 211 1284 Dulcis
229 1248 316 1299 aquae
334 1231 448 1285 saliente
466 1233 540 1284 sitim
558 1234 729 1300 restinguere
746 1234 810 1286 rivo.

118 1307 142 1359 N
145 1324 176 1360 ec
194 1308 303 1361 calamis
321 1308 410 1360 solum
428 1309 596 1375 aequiparas,
617 1310 665 1362 sed
684 1327 749 1362 voce
767 1314 935 1375 magistrum.

119 1383 270 1436 Fortunate
287 1400 361 1451 puer,
379 1387 411 1436 tu
428 1400 499 1435 nunc
517 1385 571 1437 eris
589 1385 659 1437 alter
677 1385 782 1438 abillo.

118 1459 176 1512 Nos
188 1463 280 1512 tamen
292 1459 358 1512 haee
370 1475 541 1526 quocumque
553 1461 634 1513 modo
647 1460 700 1513 tibi
711 1465 806 1515 nostra
818 1461 935 1516 vicissim
948 1476 972 1515 so

118 1535 253 1602 Dicemus,
272 1535 464 1603 Daphnimque
483 1539 560 1589 tuum
579 1537 706 1590 tollemus
724 1537 760 1590 ad
778 1541 870 1602 astra;

116 1611 245 1679 Daphnin
258 1610 293 1664 ad
306 1615 379 1664 ostra
391 1612 524 1665 feremus:
537 1614 637 1666 amavit
649 1630 698 1667 nos
711 1631 819 1682 quoquc
832 1613 961 1682 Daphnis

116 1687 174 1740 Mo.
193 1689 239 1740 An
257 1688 402 1755 quicquam
420 1687 498 1741 nobis
517 1689 565 1742 tali
584 1690 620 1743 sit
639 1707 751 1744 munere
770 1691 879 1744 maiust

117 1763 153 1817 ut
170 1780 238 1831 puer
255 1764 314 1832 ipse
331 1763 383 1816 fuit
400 1765 504 1817 cantari
523 1765 629 1834 dignus,
648 1770 677 1819 et
695 1767 748 1820 ista

118 1839 177 1892 Iam
195 1839 303 1907 pridem
322 1839 452 1892 Stimicon
470 1840 591 1895 laudavit
610 1845 731 1896 earmina
748 1842 832 1895 uobis.
948 1857 971 1900 ts

149 1916 204 1969 Mc.
223 1915 363 1969 Candidus
380 1915 518 1970 insuetum
536 1919 652 1972 miratur
670 1920 752 1973 limen
771 1919 878 1987 Olympi

117 1992 173 2045 Sub
190 1991 361 2060 pedibusque
380 1991 456 2044 videt
473 1992 559 2047 nubes
577 1999 606 2048 et
624 1995 714 2049 sidera
733 1995 863 2064 Daphnis.

117 2069 189 2136 Ergo
206 2068 302 2122 alacris
320 2068 402 2121 silvas
419 2071 448 2120 et
466 2073 558 2122 cetera
575 2087 639 2124 rura
656 2070 781 2138 voluptas

117 2145 246 2212 Panaque
263 2147 444 2212 pastoresque
462 2147 539 2197 tenet
558 2145 736 2214 Dryadasque
754 2147 865 2215 puellas.

116 2219 174 2274 Nec
192 2219 272 2287 lupus
289 2218 402 2272 insidias
419 2220 519 2287 pecori,
536 2238 587 2276 nec
605 2223 675 2276 retia
693 2223 780 2276 cervis
946 2238 972 2276 oo

116 2296 180 2349 Ulla
198 2295 290 2348 dolum
309 2294 495 2361 meditantur3
512 2301 586 2351 amat
604 2298 690 2352 bonus
708 2299 766 2352 otia
784 2300 915 2366 Daphnis.

116 2373 175 2441 Ipsi
192 2372 298 2426 laetitia
317 2387 396 2426 voees
414 2372 450 2425 ad
469 2373 561 2427 sidera
578 2375 682 2429 iactant

116 2449 224 2502 Intonsi
242 2452 368 2514 montes3
385 2449 462 2518 ipsae
479 2451 533 2503 iam
552 2453 672 2504 carmina
690 2468 780 2518 rupes,

117 2526 181 2592 Ipsa
201 2529 297 2580 sonant
315 2525 443 2579 arbusta:
463 2527 538 2594 deus,
557 2527 625 2580 deus
643 2528 696 2594 ille,
716 2528 853 2582 Menalca!

116 2602 158 2654 Sis
177 2601 264 2655 honus
282 2619 298 2654 o
315 2601 436 2670 felixque
455 2602 525 2656 tuis!
545 2619 579 2655 en
598 2607 730 2671 quattuor
748 2621 826 2658 aras:
947 2619 972 2658 oe

116 2678 186 2731 Ecce
204 2678 273 2731 duas
291 2677 350 2744 tibi,
370 2678 486 2746 Daphni,
507 2679 575 2732 <luas
593 2679 691 2734 altaria
711 2679 828 2733 Phoebo.

115 2753 217 2807 Pocula
236 2755 301 2807 bina
319 2770 387 2807 novo
406 2755 561 2823 spumantia
578 2754 650 2808 lacte
670 2757 832 2822 quotannis

115 2831 300 2900 Craterasque
320 2831 388 2884 duos
407 2835 528 2884 statuam
547 2832 597 2885 tibi
616 2832 724 2901 pinguis
743 2831 814 2897 olivi,

115 2906 152 2960 ut
171 2907 257 2960 multo
274 2907 303 2960 in
320 2907 416 2974 primis
434 2907 552 2961 hilarans
570 2907 691 2960 convivia
710 2907 824 2972 Baccho,

120 2985 192 3037 Ante
210 2983 307 3050 focum,
326 2983 348 3035 si
366 2983 453 3050 frigus
472 2984 533 3048 orit,
552 2984 575 3036 si
593 2984 696 3050 messia,
714 2983 742 3036 in
761 2982 865 3046 umbra,
945 2994 970 3036 to

117 3058 187 3113 Vina
205 3077 304 3113 novum
322 3060 433 3113 fundam
452 3060 565 3113 calathis
584 3060 695 3113 Ariusia
712 3063 813 3112 nectar.

116 3135 274 3190 Cantabunt
291 3136 357 3189 mihi
376 3136 523 3190 Damoetas
541 3139 570 3188 et
588 3135 698 3202 Lyctius
719 3137 832 3201 Aegon;

6 3199 10 3208 ¹
30 3285 32 3290 Ι
116 3211 248 3264 naitanus
267 3213 376 3279 Satyros
394 3212 547 3265 imitabitur
568 3211 771 3278 Alphesiboeus.

200 3292 213 3334 2
