<?xml version="1.0" encoding="UTF-8"?>
<!DOCTYPE html PUBLIC "-//W3C//DTD XHTML 1.0 Transitional//EN"
    "http://www.w3.org/TR/xhtml1/DTD/xhtml1-transitional.dtd">
<html xmlns="http://www.w3.org/1999/xhtml" xml:lang="en" lang="en">
 <head>
  <title>
</title>
<meta http-equiv="Content-Type" content="text/html;charset=utf-8" />
  <meta name='ocr-system' content='tesseract 3.04.00' />
  <meta name='ocr-capabilities' content='ocr_page ocr_carea ocr_par ocr_line ocrx_word'/>
</head>
<body>
  <div class='ocr_page' id='page_1' title='image "./operaexrecensio03virggoog_0052.png"; bbox 0 0 2154 3518; ppageno 0'>
   <div class='ocr_carea' id='block_1_1' title="bbox 353 605 738 658">
    <p class='ocr_par' dir='ltr' id='par_1_1' title="bbox 353 605 738 658">
     <span class='ocr_line' id='line_1_1' title="bbox 353 605 738 658; baseline 0.016 -7"><span class='ocrx_word' id='word_1_1' title='bbox 353 605 381 653; x_wconf 90' lang='lat' dir='ltr'>P.</span> <span class='ocrx_word' id='word_1_2' title='bbox 401 605 555 655; x_wconf 80' lang='lat' dir='ltr'><strong>VERGILI</strong></span> <span class='ocrx_word' id='word_1_3' title='bbox 572 605 738 658; x_wconf 83' lang='lat' dir='ltr'><strong>MARONIS</strong></span> 
     </span>
    </p>
   </div>
   <div class='ocr_carea' id='block_1_2' title="bbox 314 769 772 847">
    <p class='ocr_par' dir='ltr' id='par_1_2' title="bbox 314 769 772 847">
     <span class='ocr_line' id='line_1_2' title="bbox 314 769 772 847; baseline 0.011 -5"><span class='ocrx_word' id='word_1_4' title='bbox 314 769 772 847; x_wconf 79' lang='lat' dir='ltr'>GEORGIOON</span> 
     </span>
    </p>
   </div>
   <div class='ocr_carea' id='block_1_3' title="bbox 371 966 718 1024">
    <p class='ocr_par' dir='ltr' id='par_1_3' title="bbox 371 966 718 1024">
     <span class='ocr_line' id='line_1_3' title="bbox 371 966 718 1024; baseline 0.012 -4"><span class='ocrx_word' id='word_1_5' title='bbox 371 966 489 1021; x_wconf 75' lang='lat' dir='ltr'>LIBER</span> <span class='ocrx_word' id='word_1_6' title='bbox 514 969 718 1024; x_wconf 78' lang='lat' dir='ltr'>SECUNDUS.</span> 
     </span>
    </p>
   </div>
   <div class='ocr_carea' id='block_1_4' title="bbox 491 1152 585 1179">
    <p class='ocr_par' dir='ltr' id='par_1_4' title="bbox 491 1152 585 1179">
     <span class='ocr_line' id='line_1_4' title="bbox 491 1152 585 1179; baseline 0 -10"><span class='ocrx_word' id='word_1_7' title='bbox 491 1152 585 1179; x_wconf 59' lang='lat'>-4—</span> 
     </span>
    </p>
   </div>
   <div class='ocr_carea' id='block_1_5' title="bbox 110 1287 1035 3196">
    <p class='ocr_par' dir='ltr' id='par_1_5' title="bbox 118 1287 764 1365">
     <span class='ocr_line' id='line_1_5' title="bbox 118 1287 764 1365; baseline 0.014 -24"><span class='ocrx_word' id='word_1_8' title='bbox 118 1287 269 1344; x_wconf 68' lang='lat' dir='ltr'>Hierasos</span> <span class='ocrx_word' id='word_1_9' title='bbox 287 1307 412 1344; x_wconf 79' lang='lat' dir='ltr'>arvorum</span> <span class='ocrx_word' id='word_1_10' title='bbox 431 1292 519 1346; x_wconf 88' lang='lat' dir='ltr'>cultus</span> <span class='ocrx_word' id='word_1_11' title='bbox 537 1298 566 1348; x_wconf 86' lang='lat' dir='ltr'>et</span> <span class='ocrx_word' id='word_1_12' title='bbox 584 1296 673 1348; x_wconf 86' lang='lat' dir='ltr'>sidera</span> <span class='ocrx_word' id='word_1_13' title='bbox 691 1297 764 1365; x_wconf 88' lang='lat' dir='ltr'>caeli,</span> 
     </span>
    </p>

    <p class='ocr_par' dir='ltr' id='par_1_6' title="bbox 116 1364 903 1434">
     <span class='ocr_line' id='line_1_6' title="bbox 116 1364 903 1434; baseline 0.015 -17"><span class='ocrx_word' id='word_1_14' title='bbox 116 1364 193 1418; x_wconf 92' lang='lat' dir='ltr'>Nune</span> <span class='ocrx_word' id='word_1_15' title='bbox 211 1369 247 1432; x_wconf 87' lang='lat' dir='ltr'>te,</span> <span class='ocrx_word' id='word_1_16' title='bbox 267 1365 381 1434; x_wconf 89' lang='lat' dir='ltr'>Bacche,</span> <span class='ocrx_word' id='word_1_17' title='bbox 400 1384 502 1434; x_wconf 85' lang='lat' dir='ltr'>canam,</span> <span class='ocrx_word' id='word_1_18' title='bbox 521 1387 570 1423; x_wconf 90' lang='lat' dir='ltr'>nee</span> <span class='ocrx_word' id='word_1_19' title='bbox 588 1387 640 1424; x_wconf 92' lang='lat' dir='ltr'>non</span> <span class='ocrx_word' id='word_1_20' title='bbox 660 1372 794 1426; x_wconf 79' lang='lat' dir='ltr'><strong>silvestria</strong></span> <span class='ocrx_word' id='word_1_21' title='bbox 810 1377 903 1428; x_wconf 82' lang='lat' dir='ltr'>tecum</span> 
     </span>
    </p>

    <p class='ocr_par' dir='ltr' id='par_1_7' title="bbox 116 1441 781 1508">
     <span class='ocr_line' id='line_1_7' title="bbox 116 1441 781 1508; baseline 0.015 -16"><span class='ocrx_word' id='word_1_22' title='bbox 116 1441 241 1508; x_wconf 79' lang='lat' dir='ltr'>virgulta</span> <span class='ocrx_word' id='word_1_23' title='bbox 259 1446 287 1494; x_wconf 90' lang='lat' dir='ltr'>et</span> <span class='ocrx_word' id='word_1_24' title='bbox 305 1441 409 1508; x_wconf 90' lang='lat' dir='ltr'>prolem</span> <span class='ocrx_word' id='word_1_25' title='bbox 427 1445 507 1498; x_wconf 86' lang='lat' dir='ltr'>tardo</span> <span class='ocrx_word' id='word_1_26' title='bbox 525 1449 672 1500; x_wconf 86' lang='lat' dir='ltr'>crescentis</span> <span class='ocrx_word' id='word_1_27' title='bbox 691 1448 781 1502; x_wconf 86' lang='lat' dir='ltr'>olivae.</span> 
     </span>
    </p>

    <p class='ocr_par' dir='ltr' id='par_1_8' title="bbox 116 1518 795 1592">
     <span class='ocr_line' id='line_1_8' title="bbox 116 1518 795 1592; baseline 0.01 -22"><span class='ocrx_word' id='word_1_28' title='bbox 116 1519 183 1584; x_wconf 81' lang='lat' dir='ltr'>Ilua,</span> <span class='ocrx_word' id='word_1_29' title='bbox 202 1522 282 1586; x_wconf 88' lang='lat' dir='ltr'>pater</span> <span class='ocrx_word' id='word_1_30' title='bbox 300 1535 315 1569; x_wconf 95' lang='lat' dir='ltr'>o</span> <span class='ocrx_word' id='word_1_31' title='bbox 336 1518 457 1584; x_wconf 85' lang='lat' dir='ltr'>Lenaee;</span> <span class='ocrx_word' id='word_1_32' title='bbox 475 1522 529 1573; x_wconf 86' lang='lat' dir='ltr'>tuis</span> <span class='ocrx_word' id='word_1_33' title='bbox 547 1521 591 1574; x_wconf 90' lang='lat' dir='ltr'>hie</span> <span class='ocrx_word' id='word_1_34' title='bbox 608 1525 697 1576; x_wconf 86' lang='lat' dir='ltr'>omnia</span> <span class='ocrx_word' id='word_1_35' title='bbox 714 1525 795 1592; x_wconf 87' lang='lat' dir='ltr'>plena</span> 
     </span>
    </p>

    <p class='ocr_par' dir='ltr' id='par_1_9' title="bbox 116 1594 973 1666">
     <span class='ocr_line' id='line_1_9' title="bbox 116 1594 973 1666; baseline 0.012 -19"><span class='ocrx_word' id='word_1_36' title='bbox 116 1595 279 1660; x_wconf 79' lang='lat' dir='ltr'>Muneribus,</span> <span class='ocrx_word' id='word_1_37' title='bbox 298 1594 348 1646; x_wconf 90' lang='lat' dir='ltr'>tibi</span> <span class='ocrx_word' id='word_1_38' title='bbox 368 1596 511 1662; x_wconf 89' lang='lat' dir='ltr'>pampineo</span> <span class='ocrx_word' id='word_1_39' title='bbox 529 1599 657 1666; x_wconf 74' lang='lat' dir='ltr'>grandus</span> <span class='ocrx_word' id='word_1_40' title='bbox 675 1603 836 1654; x_wconf 87' lang='lat' dir='ltr'>autumno-</span> <span class='ocrx_word' id='word_1_41' title='bbox 853 1633 882 1644; x_wconf 80' lang='lat'>-</span> <span class='ocrx_word' id='word_1_42' title='bbox 956 1618 973 1658; x_wconf 78' lang='grc' dir='ltr'>ε</span> 
     </span>
    </p>

    <p class='ocr_par' dir='ltr' id='par_1_10' title="bbox 115 1671 798 1742">
     <span class='ocr_line' id='line_1_10' title="bbox 115 1671 798 1742; baseline 0.009 -19"><span class='ocrx_word' id='word_1_43' title='bbox 115 1671 207 1724; x_wconf 78' lang='lat' dir='ltr'>Floret</span> <span class='ocrx_word' id='word_1_44' title='bbox 225 1690 296 1740; x_wconf 77' lang='lat' dir='ltr'>ager,</span> <span class='ocrx_word' id='word_1_45' title='bbox 316 1675 425 1740; x_wconf 80' lang='lat' dir='ltr'><strong>spumat</strong></span> <span class='ocrx_word' id='word_1_46' title='bbox 444 1671 530 1738; x_wconf 89' lang='lat' dir='ltr'>plenis</span> <span class='ocrx_word' id='word_1_47' title='bbox 548 1675 683 1729; x_wconf 83' lang='lat' dir='ltr'>vindemia</span> <span class='ocrx_word' id='word_1_48' title='bbox 701 1676 798 1742; x_wconf 87' lang='lat' dir='ltr'>labris;</span> 
     </span>
    </p>

    <p class='ocr_par' dir='ltr' id='par_1_11' title="bbox 114 1745 816 1824">
     <span class='ocr_line' id='line_1_11' title="bbox 114 1745 816 1824; baseline 0.009 -24"><span class='ocrx_word' id='word_1_49' title='bbox 114 1745 181 1812; x_wconf 90' lang='lat' dir='ltr'>llue,</span> <span class='ocrx_word' id='word_1_50' title='bbox 199 1755 278 1817; x_wconf 88' lang='lat' dir='ltr'>pater</span> <span class='ocrx_word' id='word_1_51' title='bbox 297 1767 312 1802; x_wconf 95' lang='lat' dir='ltr'>o</span> <span class='ocrx_word' id='word_1_52' title='bbox 331 1749 448 1824; x_wconf 79' lang='lat' dir='ltr'>Lenaee,</span> <span class='ocrx_word' id='word_1_53' title='bbox 467 1751 535 1817; x_wconf 84' lang='lat' dir='ltr'>veni,</span> <span class='ocrx_word' id='word_1_54' title='bbox 553 1751 710 1821; x_wconf 83' lang='lat' dir='ltr'>nudataque</span> <span class='ocrx_word' id='word_1_55' title='bbox 727 1757 816 1807; x_wconf 82' lang='lat' dir='ltr'>musto</span> 
     </span>
    </p>

    <p class='ocr_par' dir='ltr' id='par_1_12' title="bbox 113 1825 1035 1972">
     <span class='ocr_line' id='line_1_12' title="bbox 113 1825 827 1902; baseline 0.007 -25"><span class='ocrx_word' id='word_1_56' title='bbox 113 1825 215 1893; x_wconf 77' lang='lat' dir='ltr'>lingue</span> <span class='ocrx_word' id='word_1_57' title='bbox 234 1843 302 1879; x_wconf 91' lang='lat' dir='ltr'>novo</span> <span class='ocrx_word' id='word_1_58' title='bbox 320 1843 426 1879; x_wconf 89' lang='lat' dir='ltr'>meeum</span> <span class='ocrx_word' id='word_1_59' title='bbox 446 1827 568 1902; x_wconf 76' lang='lat' dir='ltr'>dereptis</span> <span class='ocrx_word' id='word_1_60' title='bbox 586 1845 665 1882; x_wconf 88' lang='lat' dir='ltr'>crura</span> <span class='ocrx_word' id='word_1_61' title='bbox 682 1828 827 1883; x_wconf 84' lang='lat' dir='ltr'>cothurnis.</span> 
     </span>
     <span class='ocr_line' id='line_1_13' title="bbox 148 1901 1035 1972; baseline 0.005 -18"><span class='ocrx_word' id='word_1_62' title='bbox 148 1901 280 1970; x_wconf 87' lang='lat' dir='ltr'>Principio</span> <span class='ocrx_word' id='word_1_63' title='bbox 299 1902 442 1956; x_wconf 80' lang='lat' dir='ltr'><strong>arboribus</strong></span> <span class='ocrx_word' id='word_1_64' title='bbox 463 1903 538 1956; x_wconf 81' lang='lat' dir='ltr'>varia</span> <span class='ocrx_word' id='word_1_65' title='bbox 558 1907 600 1957; x_wconf 87' lang='lat' dir='ltr'>est</span> <span class='ocrx_word' id='word_1_66' title='bbox 617 1909 715 1958; x_wconf 89' lang='lat' dir='ltr'>natura</span> <span class='ocrx_word' id='word_1_67' title='bbox 732 1905 862 1959; x_wconf 80' lang='lat' dir='ltr'><strong>creandis,</strong></span> <span class='ocrx_word' id='word_1_68' title='bbox 1031 1965 1035 1972; x_wconf 36' lang='grc' dir='ltr'>Ι</span> 
     </span>
    </p>

    <p class='ocr_par' dir='ltr' id='par_1_13' title="bbox 113 1978 971 2050">
     <span class='ocr_line' id='line_1_14' title="bbox 113 1978 971 2050; baseline 0.005 -20"><span class='ocrx_word' id='word_1_69' title='bbox 113 1978 236 2048; x_wconf 87' lang='lat' dir='ltr'>Namque</span> <span class='ocrx_word' id='word_1_70' title='bbox 254 1979 329 2048; x_wconf 84' lang='lat' dir='ltr'>aliae,</span> <span class='ocrx_word' id='word_1_71' title='bbox 348 1979 431 2032; x_wconf 86' lang='lat' dir='ltr'>nullis</span> <span class='ocrx_word' id='word_1_72' title='bbox 450 1980 588 2033; x_wconf 91' lang='lat' dir='ltr'>hominum</span> <span class='ocrx_word' id='word_1_73' title='bbox 607 1982 772 2049; x_wconf 81' lang='lat' dir='ltr'>cogentibus,</span> <span class='ocrx_word' id='word_1_74' title='bbox 790 1982 864 2050; x_wconf 81' lang='lat' dir='ltr'>ipsae</span> <span class='ocrx_word' id='word_1_75' title='bbox 944 1996 971 2036; x_wconf 81' lang='lat' dir='ltr'>ro</span> 
     </span>
    </p>

    <p class='ocr_par' dir='ltr' id='par_1_14' title="bbox 112 2055 840 2126">
     <span class='ocr_line' id='line_1_15' title="bbox 112 2055 840 2126; baseline 0.003 -18"><span class='ocrx_word' id='word_1_76' title='bbox 112 2055 213 2122; x_wconf 78' lang='lat' dir='ltr'><strong>Sponte</strong></span> <span class='ocrx_word' id='word_1_77' title='bbox 232 2073 280 2109; x_wconf 88' lang='lat' dir='ltr'>sua</span> <span class='ocrx_word' id='word_1_78' title='bbox 297 2057 410 2109; x_wconf 77' lang='lat' dir='ltr'>veniunt</span> <span class='ocrx_word' id='word_1_79' title='bbox 429 2073 592 2126; x_wconf 85' lang='lat' dir='ltr'>camposque</span> <span class='ocrx_word' id='word_1_80' title='bbox 611 2063 640 2112; x_wconf 87' lang='lat' dir='ltr'>et</span> <span class='ocrx_word' id='word_1_81' title='bbox 658 2059 767 2110; x_wconf 87' lang='lat' dir='ltr'>flumina</span> <span class='ocrx_word' id='word_1_82' title='bbox 784 2058 840 2110; x_wconf 85' lang='lat' dir='ltr'>late</span> 
     </span>
    </p>

    <p class='ocr_par' dir='ltr' id='par_1_15' title="bbox 111 2131 879 2203">
     <span class='ocr_line' id='line_1_16' title="bbox 111 2131 879 2203; baseline 0.008 -19"><span class='ocrx_word' id='word_1_83' title='bbox 111 2131 200 2186; x_wconf 79' lang='lat' dir='ltr'>Curva</span> <span class='ocrx_word' id='word_1_84' title='bbox 218 2138 320 2200; x_wconf 88' lang='lat' dir='ltr'>tenent,</span> <span class='ocrx_word' id='word_1_85' title='bbox 339 2137 370 2185; x_wconf 91' lang='lat' dir='ltr'>ut</span> <span class='ocrx_word' id='word_1_86' title='bbox 390 2135 474 2187; x_wconf 91' lang='lat' dir='ltr'>mollo</span> <span class='ocrx_word' id='word_1_87' title='bbox 493 2134 563 2191; x_wconf 81' lang='lat' dir='ltr'>siler,</span> <span class='ocrx_word' id='word_1_88' title='bbox 582 2135 726 2203; x_wconf 73' lang='lat' dir='ltr'>lentaeque</span> <span class='ocrx_word' id='word_1_89' title='bbox 744 2138 879 2202; x_wconf 77' lang='lat' dir='ltr'>genestae.</span> 
     </span>
    </p>

    <p class='ocr_par' dir='ltr' id='par_1_16' title="bbox 112 2207 776 2276">
     <span class='ocr_line' id='line_1_17' title="bbox 112 2207 776 2276; baseline 0.005 -16"><span class='ocrx_word' id='word_1_90' title='bbox 112 2208 229 2276; x_wconf 91' lang='lat' dir='ltr'>Populus</span> <span class='ocrx_word' id='word_1_91' title='bbox 247 2213 276 2262; x_wconf 91' lang='lat' dir='ltr'>et</span> <span class='ocrx_word' id='word_1_92' title='bbox 293 2207 390 2274; x_wconf 78' lang='lat' dir='ltr'>glauca</span> <span class='ocrx_word' id='word_1_93' title='bbox 409 2211 534 2262; x_wconf 78' lang='lat' dir='ltr'>canentia</span> <span class='ocrx_word' id='word_1_94' title='bbox 552 2210 649 2263; x_wconf 76' lang='lat' dir='ltr'>fronde</span> <span class='ocrx_word' id='word_1_95' title='bbox 669 2211 776 2276; x_wconf 79' lang='lat' dir='ltr'>salieta3</span> 
     </span>
    </p>

    <p class='ocr_par' dir='ltr' id='par_1_17' title="bbox 112 2285 851 2351">
     <span class='ocr_line' id='line_1_18' title="bbox 112 2285 851 2351; baseline 0.004 -15"><span class='ocrx_word' id='word_1_96' title='bbox 112 2285 178 2336; x_wconf 85' lang='lat' dir='ltr'>Pars</span> <span class='ocrx_word' id='word_1_97' title='bbox 196 2290 286 2338; x_wconf 85' lang='lat' dir='ltr'>autem</span> <span class='ocrx_word' id='word_1_98' title='bbox 305 2285 393 2350; x_wconf 85' lang='lat' dir='ltr'>posito</span> <span class='ocrx_word' id='word_1_99' title='bbox 415 2289 530 2350; x_wconf 65' lang='lat' dir='ltr'>surgunt</span> <span class='ocrx_word' id='word_1_100' title='bbox 549 2285 583 2336; x_wconf 77' lang='lat' dir='ltr'>(le</span> <span class='ocrx_word' id='word_1_101' title='bbox 603 2287 711 2351; x_wconf 86' lang='lat' dir='ltr'>semine,</span> <span class='ocrx_word' id='word_1_102' title='bbox 730 2289 761 2337; x_wconf 81' lang='lat' dir='ltr'>ut</span> <span class='ocrx_word' id='word_1_103' title='bbox 779 2287 851 2339; x_wconf 85' lang='lat' dir='ltr'>altae</span> 
     </span>
    </p>

    <p class='ocr_par' dir='ltr' id='par_1_18' title="bbox 111 2359 970 2428">
     <span class='ocr_line' id='line_1_19' title="bbox 111 2359 970 2428; baseline 0.005 -16"><span class='ocrx_word' id='word_1_104' title='bbox 111 2361 267 2428; x_wconf 65' lang='lat' dir='ltr'>(iustumne,</span> <span class='ocrx_word' id='word_1_105' title='bbox 286 2377 481 2426; x_wconf 85' lang='lat' dir='ltr'>nemorumque</span> <span class='ocrx_word' id='word_1_106' title='bbox 502 2359 559 2410; x_wconf 77' lang='lat' dir='ltr'>lovi</span> <span class='ocrx_word' id='word_1_107' title='bbox 578 2377 647 2428; x_wconf 85' lang='lat' dir='ltr'>qnae</span> <span class='ocrx_word' id='word_1_108' title='bbox 666 2377 792 2412; x_wconf 86' lang='lat' dir='ltr'>maxuma</span> <span class='ocrx_word' id='word_1_109' title='bbox 808 2362 920 2414; x_wconf 79' lang='lat' dir='ltr'>frondet</span> <span class='ocrx_word' id='word_1_110' title='bbox 943 2376 970 2416; x_wconf 78' lang='lat'>15</span> 
     </span>
    </p>

    <p class='ocr_par' dir='ltr' id='par_1_19' title="bbox 112 2434 850 2503">
     <span class='ocr_line' id='line_1_20' title="bbox 112 2434 850 2503; baseline -0.003 -15"><span class='ocrx_word' id='word_1_111' title='bbox 112 2436 250 2501; x_wconf 79' lang='lat' dir='ltr'>Aesculus,</span> <span class='ocrx_word' id='word_1_112' title='bbox 269 2440 351 2503; x_wconf 88' lang='lat' dir='ltr'>atque</span> <span class='ocrx_word' id='word_1_113' title='bbox 369 2434 479 2487; x_wconf 86' lang='lat' dir='ltr'>habitae</span> <span class='ocrx_word' id='word_1_114' title='bbox 498 2435 586 2486; x_wconf 82' lang='lat' dir='ltr'>Graiis</span> <span class='ocrx_word' id='word_1_115' title='bbox 604 2436 711 2487; x_wconf 82' lang='lat' dir='ltr'>oraeula</span> <span class='ocrx_word' id='word_1_116' title='bbox 729 2450 850 2500; x_wconf 87' lang='lat' dir='ltr'>quereus.</span> 
     </span>
    </p>

    <p class='ocr_par' dir='ltr' id='par_1_20' title="bbox 112 2510 740 2576">
     <span class='ocr_line' id='line_1_21' title="bbox 112 2510 740 2576; baseline -0.003 -12"><span class='ocrx_word' id='word_1_117' title='bbox 112 2511 229 2565; x_wconf 80' lang='lat' dir='ltr'>Pullulat</span> <span class='ocrx_word' id='word_1_118' title='bbox 247 2512 282 2564; x_wconf 88' lang='lat' dir='ltr'>ab</span> <span class='ocrx_word' id='word_1_119' title='bbox 301 2511 392 2564; x_wconf 85' lang='lat' dir='ltr'>radice</span> <span class='ocrx_word' id='word_1_120' title='bbox 411 2510 471 2563; x_wconf 89' lang='lat' dir='ltr'>aliis</span> <span class='ocrx_word' id='word_1_121' title='bbox 490 2510 649 2563; x_wconf 88' lang='lat' dir='ltr'>densissima</span> <span class='ocrx_word' id='word_1_122' title='bbox 668 2511 740 2576; x_wconf 85' lang='lat' dir='ltr'>silva,</span> 
     </span>
    </p>

    <p class='ocr_par' dir='ltr' id='par_1_21' title="bbox 114 2586 833 2655">
     <span class='ocr_line' id='line_1_22' title="bbox 114 2586 833 2655; baseline -0.003 -15"><span class='ocrx_word' id='word_1_123' title='bbox 114 2589 150 2642; x_wconf 79' lang='lat' dir='ltr'>lit</span> <span class='ocrx_word' id='word_1_124' title='bbox 168 2590 266 2642; x_wconf 81' lang='lat' dir='ltr'>cerasis</span> <span class='ocrx_word' id='word_1_125' title='bbox 284 2587 432 2655; x_wconf 85' lang='lat' dir='ltr'>ulmisque;</span> <span class='ocrx_word' id='word_1_126' title='bbox 450 2588 534 2642; x_wconf 90' lang='lat' dir='ltr'>etiam</span> <span class='ocrx_word' id='word_1_127' title='bbox 554 2586 684 2640; x_wconf 88' lang='lat' dir='ltr'>Parnasia</span> <span class='ocrx_word' id='word_1_128' title='bbox 700 2586 792 2639; x_wconf 90' lang='lat' dir='ltr'>laurus</span> <span class='ocrx_word' id='word_1_129' title='bbox 819 2593 833 2628; x_wconf 66' lang='grc' dir='ltr'>’τ</span> 
     </span>
    </p>

    <p class='ocr_par' dir='ltr' id='par_1_22' title="bbox 112 2662 797 2732">
     <span class='ocr_line' id='line_1_23' title="bbox 112 2662 797 2732; baseline -0.003 -14"><span class='ocrx_word' id='word_1_130' title='bbox 112 2667 198 2719; x_wconf 83' lang='lat' dir='ltr'>Parva</span> <span class='ocrx_word' id='word_1_131' title='bbox 216 2665 265 2717; x_wconf 87' lang='lat' dir='ltr'>sub</span> <span class='ocrx_word' id='word_1_132' title='bbox 283 2664 389 2732; x_wconf 85' lang='lat' dir='ltr'>ingenti</span> <span class='ocrx_word' id='word_1_133' title='bbox 406 2665 503 2718; x_wconf 87' lang='lat' dir='ltr'>matris</span> <span class='ocrx_word' id='word_1_134' title='bbox 522 2682 552 2718; x_wconf 88' lang='lat' dir='ltr'>se</span> <span class='ocrx_word' id='word_1_135' title='bbox 571 2664 679 2718; x_wconf 84' lang='lat' dir='ltr'>subiicit</span> <span class='ocrx_word' id='word_1_136' title='bbox 695 2662 797 2716; x_wconf 82' lang='lat' dir='ltr'>umbra</span> 
     </span>
    </p>

    <p class='ocr_par' dir='ltr' id='par_1_23' title="bbox 111 2739 970 2813">
     <span class='ocr_line' id='line_1_24' title="bbox 111 2739 970 2813; baseline -0.002 -19"><span class='ocrx_word' id='word_1_137' title='bbox 111 2743 170 2794; x_wconf 89' lang='lat' dir='ltr'>llos</span> <span class='ocrx_word' id='word_1_138' title='bbox 187 2745 284 2795; x_wconf 85' lang='lat' dir='ltr'>natura</span> <span class='ocrx_word' id='word_1_139' title='bbox 301 2741 397 2795; x_wconf 88' lang='lat' dir='ltr'>modos</span> <span class='ocrx_word' id='word_1_140' title='bbox 415 2743 531 2813; x_wconf 89' lang='lat' dir='ltr'>primum</span> <span class='ocrx_word' id='word_1_141' title='bbox 552 2742 644 2805; x_wconf 86' lang='lat' dir='ltr'>dedit;</span> <span class='ocrx_word' id='word_1_142' title='bbox 662 2739 703 2793; x_wconf 87' lang='lat' dir='ltr'>his</span> <span class='ocrx_word' id='word_1_143' title='bbox 721 2757 806 2808; x_wconf 86' lang='lat' dir='ltr'>genus</span> <span class='ocrx_word' id='word_1_144' title='bbox 824 2757 904 2793; x_wconf 86' lang='lat' dir='ltr'>omne</span> <span class='ocrx_word' id='word_1_145' title='bbox 942 2757 970 2808; x_wconf 75' lang='lat' dir='ltr'>ao</span> 
     </span>
    </p>

    <p class='ocr_par' dir='ltr' id='par_1_24' title="bbox 110 2817 897 2967">
     <span class='ocr_line' id='line_1_25' title="bbox 110 2817 897 2891; baseline -0.005 -19"><span class='ocrx_word' id='word_1_146' title='bbox 110 2817 241 2872; x_wconf 58' lang='lat' dir='ltr'>Silvarum</span> <span class='ocrx_word' id='word_1_147' title='bbox 258 2818 437 2890; x_wconf 82' lang='lat' dir='ltr'>fruticumque</span> <span class='ocrx_word' id='word_1_148' title='bbox 455 2821 525 2876; x_wconf 83' lang='lat' dir='ltr'>viret</span> <span class='ocrx_word' id='word_1_149' title='bbox 542 2836 735 2891; x_wconf 88' lang='lat' dir='ltr'>nemorumque</span> <span class='ocrx_word' id='word_1_150' title='bbox 753 2834 897 2871; x_wconf 85' lang='lat' dir='ltr'>sacronun.</span> 
     </span>
     <span class='ocr_line' id='line_1_26' title="bbox 145 2896 807 2967; baseline 0 -19"><span class='ocrx_word' id='word_1_151' title='bbox 145 2896 212 2951; x_wconf 85' lang='lat' dir='ltr'>Sunt</span> <span class='ocrx_word' id='word_1_152' title='bbox 230 2897 281 2967; x_wconf 85' lang='lat' dir='ltr'>alii,</span> <span class='ocrx_word' id='word_1_153' title='bbox 302 2916 369 2967; x_wconf 91' lang='lat' dir='ltr'>quos</span> <span class='ocrx_word' id='word_1_154' title='bbox 388 2901 448 2967; x_wconf 87' lang='lat' dir='ltr'>ipse</span> <span class='ocrx_word' id='word_1_155' title='bbox 469 2900 511 2952; x_wconf 87' lang='lat' dir='ltr'>via</span> <span class='ocrx_word' id='word_1_156' title='bbox 530 2897 580 2951; x_wconf 89' lang='lat' dir='ltr'>sibi</span> <span class='ocrx_word' id='word_1_157' title='bbox 599 2897 720 2965; x_wconf 83' lang='lat' dir='ltr'>repperit</span> <span class='ocrx_word' id='word_1_158' title='bbox 737 2913 807 2949; x_wconf 88' lang='lat' dir='ltr'>usus.</span> 
     </span>
    </p>

    <p class='ocr_par' dir='ltr' id='par_1_25' title="bbox 111 2970 903 3041">
     <span class='ocr_line' id='line_1_27' title="bbox 111 2970 903 3041; baseline 0 -19"><span class='ocrx_word' id='word_1_159' title='bbox 111 2970 164 3024; x_wconf 87' lang='lat' dir='ltr'>Hie</span> <span class='ocrx_word' id='word_1_160' title='bbox 181 2973 288 3039; x_wconf 84' lang='lat' dir='ltr'>plantas</span> <span class='ocrx_word' id='word_1_161' title='bbox 307 2979 405 3030; x_wconf 88' lang='lat' dir='ltr'>tenero</span> <span class='ocrx_word' id='word_1_162' title='bbox 424 2975 584 3029; x_wconf 85' lang='lat' dir='ltr'>abscindens</span> <span class='ocrx_word' id='word_1_163' title='bbox 603 2974 638 3026; x_wconf 86' lang='lat' dir='ltr'>de</span> <span class='ocrx_word' id='word_1_164' title='bbox 656 2990 768 3041; x_wconf 86' lang='lat' dir='ltr'>corpore</span> <span class='ocrx_word' id='word_1_165' title='bbox 786 2977 903 3026; x_wconf 84' lang='lat' dir='ltr'>matrum</span> 
     </span>
    </p>

    <p class='ocr_par' dir='ltr' id='par_1_26' title="bbox 111 3045 733 3120">
     <span class='ocr_line' id='line_1_28' title="bbox 111 3045 733 3120; baseline 0.006 -23"><span class='ocrx_word' id='word_1_166' title='bbox 111 3045 242 3115; x_wconf 86' lang='lat' dir='ltr'>Deposuit</span> <span class='ocrx_word' id='word_1_167' title='bbox 261 3053 355 3117; x_wconf 80' lang='lat' dir='ltr'>auleis;</span> <span class='ocrx_word' id='word_1_168' title='bbox 373 3051 416 3105; x_wconf 87' lang='lat' dir='ltr'>hie</span> <span class='ocrx_word' id='word_1_169' title='bbox 434 3053 533 3120; x_wconf 84' lang='lat' dir='ltr'>stirpes</span> <span class='ocrx_word' id='word_1_170' title='bbox 553 3051 643 3104; x_wconf 87' lang='lat' dir='ltr'>obruit</span> <span class='ocrx_word' id='word_1_171' title='bbox 662 3067 733 3114; x_wconf 86' lang='lat' dir='ltr'>arvo,</span> 
     </span>
    </p>

    <p class='ocr_par' dir='ltr' id='par_1_27' title="bbox 113 3121 990 3196">
     <span class='ocr_line' id='line_1_29' title="bbox 113 3121 990 3196; baseline -0.008 -13"><span class='ocrx_word' id='word_1_172' title='bbox 113 3121 337 3196; x_wconf 79' lang='lat' dir='ltr'>Quadrifldasque</span> <span class='ocrx_word' id='word_1_173' title='bbox 356 3128 445 3193; x_wconf 87' lang='lat' dir='ltr'>sudes,</span> <span class='ocrx_word' id='word_1_174' title='bbox 465 3132 493 3180; x_wconf 87' lang='lat' dir='ltr'>et</span> <span class='ocrx_word' id='word_1_175' title='bbox 511 3131 589 3181; x_wconf 86' lang='lat' dir='ltr'>acuto</span> <span class='ocrx_word' id='word_1_176' title='bbox 607 3126 705 3180; x_wconf 87' lang='lat' dir='ltr'>robore</span> <span class='ocrx_word' id='word_1_177' title='bbox 726 3125 825 3181; x_wconf 79' lang='lat' dir='ltr'>vallos:</span> <span class='ocrx_word' id='word_1_178' title='bbox 940 3123 990 3176; x_wconf 57' lang='grc' dir='ltr'>δ’</span> 
     </span>
    </p>
   </div>
   <div class='ocr_carea' id='block_1_6' title="bbox 32 3196 776 3280">
    <p class='ocr_par' dir='ltr' id='par_1_28' title="bbox 32 3196 776 3280">
     <span class='ocr_line' id='line_1_30' title="bbox 32 3196 776 3280; baseline 0.007 -33"><span class='ocrx_word' id='word_1_179' title='bbox 32 3255 49 3280; x_wconf 50' lang='lat' dir='ltr'>a</span> <span class='ocrx_word' id='word_1_180' title='bbox 113 3196 297 3267; x_wconf 77' lang='lat' dir='ltr'>Silvarumque</span> <span class='ocrx_word' id='word_1_181' title='bbox 315 3205 382 3256; x_wconf 86' lang='lat' dir='ltr'>aliae</span> <span class='ocrx_word' id='word_1_182' title='bbox 400 3220 508 3271; x_wconf 84' lang='lat' dir='ltr'>pressos</span> <span class='ocrx_word' id='word_1_183' title='bbox 526 3201 679 3269; x_wconf 67' lang='lat' dir='ltr'>propaginis</span> <span class='ocrx_word' id='word_1_184' title='bbox 697 3215 776 3254; x_wconf 82' lang='lat' dir='ltr'>arcus</span> 
     </span>
    </p>
   </div>
   <div class='ocr_carea' id='block_1_7' title="bbox 0 0 1082 3518">
    <p class='ocr_par' dir='ltr' id='par_1_29' title="bbox 0 0 1082 3518">
     <span class='ocr_line' id='line_1_31' title="bbox 0 0 1082 3518; baseline 0 3"><span class='ocrx_word' id='word_1_185' title='bbox 0 0 1082 3518; x_wconf 95' lang='lat' dir='ltr'> </span> 
     </span>
    </p>
   </div>
  </div>
 </body>
</html>
