2152 3506
106 157 136 203 86
340 146 370 193 P.
390 144 542 192 vanem
560 144 725 194 MARONIS

107 232 219 296 Seditio,
239 228 380 296 saevitque
399 225 496 278 animis
514 224 634 293 ignobile
645 226 756 298 selges,

107 309 222 374 Iamque
234 305 307 356 faces
320 309 348 356 et
360 319 425 356 saxa
437 303 529 356 volant
541 301 630 369 (furor
641 320 717 356 arma
728 305 877 375 ministrat)
887 328 894 373 ;
939 325 979 364 ιω

107 386 182 449 Tum,
195 382 301 450 pietate
313 396 424 447 gravem
436 397 468 432 ac
480 379 586 432 meritis
599 379 621 432 si
635 379 706 433 forte
718 379 805 433 virum
818 399 906 448 quem

108 461 288 527 Conspexere,
308 456 395 522 silent,
415 457 584 524 arrectisque
603 455 715 509 auribus
733 456 860 522 ausuum

108 537 159 590 llle
177 535 249 602 regit
268 533 349 585 dictis
367 532 480 598 animos,
499 536 528 586 et
546 537 658 600 pectora
678 532 792 587 mulcet:
797 545 823 604 y<

108 613 152 666 Sic
170 615 282 665 cunctus
301 609 390 678 pelagi
409 608 509 661 cecidit
527 608 627 676 fragor,
646 626 766 676 aequora
783 616 938 678 postquam

109 688 278 757 Prospiciens
296 687 404 754 genitor
412 685 554 754 caeloque
571 686 696 739 insectus
714 693 811 755 aperto
937 705 975 742 ree

109 765 208 818 Flectit
227 781 312 832 equos
330 779 466 844 chquc
484 763 577 816 volans
595 762 645 815 dat
663 761 721 815 lora
738 762 866 816 secundo.

143 841 248 895 Defessi
270 839 424 906 Aeneadae,
444 857 513 909 quae
532 855 666 906 proxuma
684 837 770 904 litora,
787 853 870 891 cursu

109 917 286 972 Contendunt
304 921 405 985 pctcrc,
423 921 452 970 ct
471 915 572 983 Libyae
591 918 737 967 vertuntur
755 915 791 967 ad
808 930 877 966 oras.

109 995 159 1048 Est
176 996 204 1047 in
223 1010 330 1046 secessu
348 993 428 1059 longo
447 992 534 1045 leons:
557 990 645 1044 insula
663 993 773 1060 portum

110 1071 198 1124 Efficit
216 1071 324 1123 obiectu
342 1070 466 1134 laterum,
487 1068 586 1136 quibus
604 1067 691 1119 omnis
709 1066 744 1120 ab
762 1067 817 1120 alto
934 1085 972 1122 1oe

110 1149 258 1215 Frangitur
275 1146 357 1213 inque
376 1145 451 1198 sinus
470 1144 569 1197 sendit
589 1159 647 1198 sese
665 1143 740 1196 unda
757 1142 903 1206 reductos;

42 1289 45 1297 Ι
110 1225 181 1278 Hinc
199 1228 282 1292 atque
300 1221 363 1275 hinc
380 1227 474 1275 vastae
492 1237 574 1288 rupes
592 1220 748 1287 geminique
766 1219 906 1271 minantur

110 1301 143 1352 ln
161 1300 265 1352 caelum
284 1297 393 1366 scopuli,
412 1314 526 1365 quorum
547 1297 597 1348 sub
616 1295 719 1348 vertice
738 1295 793 1348 late

110 1380 241 1445 Aequora
258 1379 319 1429 tuta
337 1374 433 1437 silont;
452 1377 511 1426 tum
531 1373 605 1425 silvis
624 1388 721 1424 scaena
738 1371 855 1425 conlucis

109 1450 235 1520 Desuper
246 1451 422 1518 horrentique
435 1453 524 1502 atrum
538 1464 634 1501 nemus
646 1447 771 1500 imminet
783 1446 897 1512 umbra3
931 1465 972 1503 1oe

110 1527 211 1580 Fronte
230 1527 279 1580 sub
297 1527 413 1578 adversa
431 1525 547 1593 seopulis
565 1523 749 1593 pendentibus
767 1527 885 1590 antrum,

110 1604 189 1656 lutus
208 1619 294 1671 aquae
312 1602 405 1656 dulces
423 1602 538 1670 vivoque
557 1602 654 1654 sedilia
673 1617 744 1667 aare,
878 1593 881 1597 ⁴

109 1679 297 1748 Nympharum
316 1678 425 1733 domus:
444 1678 488 1731 hic
505 1679 590 1731 fessas
609 1695 663 1730 non
682 1675 788 1729 vincula
805 1673 884 1728 navis

109 1756 173 1809 Ulla
191 1759 293 1820 tenent,
311 1771 380 1808 unco
398 1771 452 1808 non
470 1755 563 1821 alligat
582 1771 680 1806 ancora
699 1769 797 1806 morsu.

111 1834 172 1886 lluc
190 1835 294 1901 septem
315 1834 423 1884 Aeneas
440 1831 560 1884 collectis
578 1830 691 1883 naribus
709 1829 782 1882 omni
931 1841 971 1885 ltu

110 1910 150 1962 lix
169 1925 282 1962 numero
300 1907 389 1971 subit;
410 1924 441 1960 ac
459 1923 558 1974 magno
577 1906 683 1960 telluris
700 1921 792 1960 amore

110 1985 219 2053 Egressi
237 1988 332 2054 optata
348 1984 491 2051 potiuntur
509 1984 593 2036 Troes
611 1999 695 2036 arena

110 2063 146 2114 Et
164 2062 220 2115 sale
238 2061 358 2115 tabentis
375 2064 451 2112 artus
469 2059 498 2111 in
516 2059 596 2112 litorc
614 2063 724 2127 ponunt.

110 2141 152 2191 Ac
169 2139 288 2206 primum
307 2137 372 2189 silici
391 2136 535 2189 scintillam
554 2136 666 2191 excudit
685 2137 804 2193 Achates

110 2214 290 2281 Succcpitque
308 2213 399 2278 ignom
417 2211 489 2264 foliis
507 2216 590 2280 atquc
609 2212 686 2265 arida
703 2214 804 2267 circum
926 2229 968 2271 1⁷5

111 2289 286 2342 Nutrimenta
304 2287 382 2341 dedit
401 2287 545 2356 rapuitque
563 2289 590 2340 in
609 2288 703 2342 fomite
722 2289 864 2344 flammam.

110 2367 177 2419 'lum
196 2365 323 2418 Cererem
342 2368 497 2432 corruptam
516 2365 596 2417 undis
616 2364 791 2432 Cerealiaque
809 2380 883 2417 arma

111 2442 268 2511 llxpediunt
285 2439 349 2492 fessi
368 2456 466 2506 rorum,
486 2441 634 2510 frugesque
652 2446 778 2509 receptas

111 2518 146 2571 nt
164 2522 269 2571 torrere
286 2522 384 2585 parant
402 2516 518 2569 flammis
537 2521 565 2571 ct
583 2519 710 2586 frangere
729 2534 801 2572 saxo.

146 2595 253 2646 Aeneas
271 2593 410 2661 scopulum
428 2594 535 2647 interca
552 2593 710 2648 conscendit
728 2597 757 2647 et
775 2609 881 2646 omnem
926 2607 963 2646 lsi

111 2671 288 2738 l'rospectum
307 2668 363 2722 late
380 2670 477 2738 pelago
495 2671 575 2738 petit,
596 2669 707 2722 Anthea
725 2670 748 2722 si
766 2685 847 2738 quem

110 2747 246 2799 lactatum
264 2749 346 2798 vento
364 2746 456 2799 videat
475 2747 660 2814 Phrygiasque
678 2745 798 2813 biremis,

79 2879 81 2887 ,
110 2826 169 2876 Aut
188 2822 288 2890 Capyn,
306 2825 354 2874 aut
372 2822 450 2874 celsis
468 2823 495 2875 in
513 2822 650 2891 puppibus
668 2837 745 2875 arma
763 2821 844 2875 (laici.

66 2896 78 2929 ,¹
109 2898 213 2951 Narem
231 2899 258 2950 in
278 2902 423 2964 conspectu
441 2898 550 2962 nullam,
569 2897 620 2950 tris
638 2897 719 2950 litore
737 2913 831 2950 cervos

110 2974 244 3042 Prospicit
262 2972 393 3035 errantis;
414 2972 464 3024 hos
482 2975 542 3025 tota
558 2975 682 3024 armenta
700 2975 852 3040 sequuntur
925 2986 963 3030 res

110 3049 137 3099 A
156 3051 241 3114 tergo,
261 3052 289 3101 et
306 3047 415 3113 longum
433 3063 483 3114 per
500 3047 578 3098 uallis
595 3047 717 3112 pascitur
735 3063 841 3114 agmen.

111 3121 240 3174 Constitit
257 3121 308 3187 hic,
326 3137 473 3188 arcumque
491 3137 572 3171 manu
590 3121 741 3188 celerisque
759 3123 872 3189 sagittae

111 3195 256 3261 Corripuit,
275 3195 346 3248 fidus
363 3211 433 3264 quae
451 3194 507 3248 tela
524 3192 638 3261 gerebat
657 3195 786 3262 Achates,
