2172 3506
114 151 160 197 310
349 147 379 196 P.
392 147 544 196 VERGILI
561 147 727 197 MARONIS

113 225 200 290 Quem
218 225 299 294 primi
318 226 438 293 eclimus,
457 227 499 280 cni
517 227 614 296 pineus
633 228 716 280 ardor
732 243 829 282 acervo

113 301 246 369 Pascitur,
264 305 294 356 ct
311 302 433 356 medium
451 303 515 356 freti
534 303 639 372 pictate
657 304 814 371 perignem

113 379 237 432 Cultores
255 379 342 432 multa
360 381 509 447 premimus
529 381 645 449 vestigia
662 397 757 449 prime,

112 454 161 521 Da,
183 455 272 522 Pater,
292 455 342 508 hcc
360 455 459 508 nostris
478 455 581 510 aboleri
601 456 720 510 dedecus
737 458 828 523 armis,

113 529 300 600 Omnipotens.
324 531 386 585 Non
405 531 516 586 exuvias
534 533 663 602 pulsaeve
680 535 823 600 tropaeum
889 563 893 570 ·
931 547 972 589 rec

116 606 240 675 Virginis
260 611 309 661 ant
326 608 411 676 spolia
429 608 484 662 ulla
501 613 584 678 petc;
603 609 668 662 mihi
687 615 779 664 cetera
796 609 909 664 laudern

116 681 197 736 Facta
214 684 321 749 fcrent;
338 684 406 738 haec
424 684 484 738 dira
501 702 562 739 meo
580 685 646 738 dum
664 687 774 740 volnere
790 687 878 754 pestis

115 758 195 812 Pulsa
212 759 300 826 cadat,
318 761 420 828 patrias
438 762 565 814 remeabo
582 760 713 828 inglorius
730 761 818 816 urbes

114 835 211 888 Audiit
230 840 258 888 et
277 836 332 889 voti
353 835 479 890 Phoebus
498 837 644 890 succedere
663 841 769 906 partem

113 909 207 964 Mente
226 910 311 975 dedit,
328 915 436 980 partem
456 912 571 966 volucris
591 913 722 982 dispersit
740 913 769 965 in
788 929 884 967 auras:
931 930 967 968 :as

112 986 253 1040 Sterneret
270 990 302 1040 ut
320 986 412 1040 subita
430 988 568 1042 turbatam
585 993 675 1044 morte
693 989 840 1055 Camillam,

113 1061 219 1116 Adnuit
237 1063 340 1127 oranti3
358 1063 487 1116 reducem
504 1068 536 1117 ut
553 1065 643 1133 patria
661 1065 717 1118 alta
735 1064 850 1132 videret,

112 1137 173 1190 n'on
192 1139 277 1206 dedit,
296 1139 378 1207 inque
396 1143 475 1192 notos
493 1157 585 1194 vocem
603 1145 711 1194 vertere
729 1142 869 1210 procellae.

115 1215 192 1283 llrgo,
210 1220 242 1269 ut
259 1216 342 1268 missa
359 1233 441 1268 manu
458 1217 577 1270 sonitum
596 1216 674 1270 dcdit
693 1218 772 1272 hasta
789 1235 839 1287 per
857 1233 949 1278 auras,

112 1291 278 1346 Convertere
297 1294 400 1344 animos
418 1293 488 1346 acris
505 1292 651 1361 oculosque
670 1293 757 1347 tulcrc
928 1310 967 1348 sno

113 1368 209 1421 Cuncti
228 1368 264 1421 ad
282 1368 403 1435 reginam
423 1368 522 1422 Volsci.
558 1368 634 1421 Nihil
654 1370 712 1438 ipsa
731 1386 782 1423 nec
800 1386 883 1424 aurae

112 1443 136 1495 N
139 1460 169 1496 ec
187 1445 292 1498 sonitus
310 1461 414 1497 memor
431 1449 480 1498 aut
497 1445 630 1498 venientis
649 1445 684 1498 ab
702 1445 814 1500 aethere
832 1447 890 1514 teli,

112 1518 201 1572 Hasta
218 1519 269 1573 sub
287 1525 424 1573 exsertam
442 1521 528 1574 donec
546 1521 651 1589 perlata
670 1522 797 1590 papillam

111 1593 216 1660 Haesit,
236 1596 441 1664 virgineumque
459 1597 515 1650 alte
532 1596 605 1651 bibit
621 1601 683 1650 acta
700 1614 833 1652 cruorem.

111 1669 282 1724 Concurrunt
294 1671 418 1739 trepidae
430 1673 552 1740 comites,
567 1674 757 1742 dominamque
770 1678 897 1728 ruentem
927 1690 965 1727 sne

111 1744 275 1814 Suscipiunt.
311 1747 395 1816 Fugit
413 1753 476 1803 ante
494 1750 582 1802 omnis
600 1751 750 1804 exterritus
771 1751 888 1817 Arruns,

111 1821 230 1876 Laetitia
247 1824 389 1892 mixtoque
406 1829 489 1891 metu,
508 1843 557 1878 nec
574 1826 628 1878 inm
647 1826 763 1895 emplius
781 1827 876 1880 hastae

111 1897 238 1962 Credere,
258 1916 307 1953 nce
325 1901 388 1953 telis
407 1917 548 1954 occurrere
566 1901 679 1969 virginis
698 1902 789 1956 audet.

72 1997 84 2035 ,ν
111 1974 153 2027 Ac
172 1974 246 2027 velut
264 1975 319 2043 ille,
337 1977 413 2044 prius
431 1994 512 2045 quem
532 1977 587 2030 tela
605 1977 715 2032 inimica
733 1983 890 2047 sequantur,

111 2049 244 2102 Continuo
262 2050 291 2104 in
308 2053 408 2105 neentis
427 2069 487 2106 sese
505 2053 581 2105 avius
599 2053 708 2107 abdidit
726 2054 796 2108 altos
926 2069 964 2107 sio

110 2123 205 2178 Occiso
223 2130 333 2193 pastore
351 2128 431 2196 lupus
448 2144 580 2196 magnove
599 2129 718 2194 iuvenco,

110 2199 239 2253 Conscius
257 2201 367 2256 audacis
386 2204 457 2272 facti,
476 2204 646 2273 caudamque
664 2205 816 2258 remulcens

109 2274 230 2328 Subiecit
247 2279 414 2345 pavitantem
434 2285 520 2345 utero,
539 2280 674 2349 silvasque
692 2280 832 2354 petivitn(

110 2350 193 2403 Haud
211 2367 288 2404 secus
306 2369 341 2405 ex
359 2355 443 2406 oculis
462 2372 491 2408 se
509 2355 637 2409 turbidus
655 2355 770 2410 abstulit
789 2358 905 2422 immine,

110 2426 315 2496 Contentusque
333 2430 398 2496 fuga
416 2430 514 2483 mediis
532 2448 561 2484 se
579 2433 717 2486 inmiscuit
735 2433 827 2486 armis.
925 2450 963 2488 sis

109 2502 161 2556 llla
179 2518 261 2556 manu
278 2505 398 2560 moriens
416 2507 502 2560 telum
520 2508 619 2573 trahit3
637 2525 698 2561 ossa
716 2509 766 2562 sed
784 2509 860 2563 inter·

109 2578 226 2632 Ferreus
245 2580 281 2632 nd
298 2586 387 2636 costas
405 2583 461 2637 alto
480 2587 536 2636 stat
554 2584 665 2636 volnere
684 2601 782 2638 rnucro.

1 2671 2 2716 ι
108 2653 223 2708 Labitur
241 2659 403 2725 exsanguis;
422 2658 552 2712 labuntur
569 2659 670 2727 frigida
688 2660 744 2714 lcto

108 2729 239 2796 Luminn3
255 2747 409 2800 purpureus
427 2734 563 2802 quondam
582 2735 655 2788 color
673 2752 721 2788 orn
738 2736 856 2804 reliquit

1 2815 2 2838 ¹
107 2804 175 2858 Turn
194 2806 231 2859 sic
250 2808 390 2874 exspirans
410 2812 519 2876 Accam,
539 2827 573 2862 ex
592 2810 752 2878 aequalibus
769 2828 859 2880 unam,
924 2831 963 2868 an

1 2885 2 2888 ’
108 2880 292 2947 Adloquitur;
313 2885 368 2937 fida
386 2890 450 2939 anto
469 2886 535 2938 alias
554 2903 624 2954 quae
643 2887 700 2939 sola
719 2887 856 2957 Camillae,

106 2953 220 3014 Quicum
238 2959 335 3022 partiri
354 2978 448 3024 euras;
467 2965 550 3028 atque
569 2961 636 3014 haec
654 2962 694 3015 ita
712 2962 804 3018 satur:

106 3027 254 3092 Hactenus,
275 3034 348 3086 Acca
366 3052 450 3100 soror,
468 3036 564 3102 potui3
581 3051 653 3088 nunc
671 3037 766 3091 volnus
784 3041 914 3094 acerbum

104 3097 226 3165 Conficit
246 3107 274 3155 et
292 3108 413 3161 tenebris
431 3109 589 3175 nigrescunt
607 3111 698 3164 curnis
715 3113 825 3168 circum.

104 3169 200 3231 Effuge
218 3176 332 3232 ethaeo
350 3181 441 3236 Turno
459 3183 589 3237 nnandeta
605 3184 752 3240 novissima
769 3192 877 3258 perfer:
923 3211 961 3250 ees

1078 3140 1083 3212 l
