2174 3502
93 103 139 150 232
341 98 370 146 P.
391 95 545 144 VERGILI
563 98 729 147 MARONIS

93 180 198 234 Servati
215 179 329 232 facimus
347 178 514 246 meritosque
533 195 667 233 novamus
685 181 808 236 honores.

94 259 153 311 Iam
171 256 290 325 primum
308 256 380 309 saxis
399 271 558 322 suspensam
576 255 645 310 hanc
663 259 753 326 aspice
773 275 880 328 rupem,
916 275 955 315 rea

94 334 230 386 Disiectae
247 333 341 400 procul
360 335 391 384 ut
409 332 500 396 molae,
521 331 686 400 desertaque
706 337 806 389 montis

94 412 155 465 Stat
172 411 276 475 domus,
296 412 325 461 et
343 408 444 475 scopuli
463 407 602 476 ingentem
623 412 734 464 traxere
751 413 867 469 ruinam,

94 488 147 540 Hic
165 485 368 556 speluncarum,
386 488 463 537 vasto
482 485 609 538 submota
627 503 743 555 recessu,

94 563 280 617 Semihominis
299 561 364 616 Caci
380 561 464 614 iacies
483 579 563 630 qnam
584 562 645 614 dira
663 564 784 632 tenebat,

94 640 163 693 Solis
180 641 344 693 inaccessam
362 636 463 703 radiis;
482 655 645 707 semperque
663 641 767 694 recenti
916 659 956 697 ree

94 717 185 770 Caede
202 716 316 786 tepebat
334 715 439 780 humus,
458 715 616 782 foribusque
634 714 726 769 adfixa
744 717 869 786 superbis

94 792 150 846 Ora
168 793 255 846 virum
273 792 347 846 tristi
365 790 524 860 pendebant
543 791 646 858 pallida
664 792 736 848 tabo.

95 869 167 922 Huic
184 872 305 921 monstro
328 868 461 919 Volcanus
480 871 540 920 erat
559 871 657 935 pater:
676 869 748 922 illius
766 873 844 924 atros

94 945 150 998 Ore
167 962 277 998 vomens
295 945 365 1012 ignis
384 959 482 1010 magna
501 960 530 995 se
550 943 621 996 mole
641 945 755 999 ferebat.

95 1021 200 1074 Attulit
219 1025 248 1073 et
264 1020 344 1072 nobis
361 1019 507 1087 aliquando
525 1019 683 1087 optantibus
701 1025 777 1075 aetas
916 1039 956 1078 aee

96 1097 234 1150 Auxilium
253 1096 456 1163 adventumque
475 1095 526 1148 dei.
566 1095 636 1148 Nam
655 1114 798 1151 maxumus
816 1099 899 1169 ultor,

94 1172 248 1240 Tergemini
265 1189 331 1226 nece
351 1172 490 1240 Geryonae
509 1171 654 1240 spoliisque
674 1173 816 1242 superbus,

95 1249 207 1302 Alcides
225 1249 329 1315 aderat,
348 1252 496 1317 taurosque
514 1249 565 1301 hac
583 1248 672 1302 victor
691 1249 791 1317 agebat

96 1325 224 1392 ingentis,
243 1325 396 1394 vallemque
413 1323 498 1378 boves
518 1341 683 1392 amnemque
701 1326 841 1380 tenebant.

96 1403 135 1454 At
151 1402 228 1455 furiis
248 1401 310 1454 Caci
328 1417 404 1454 mens
423 1401 513 1468 effera,
534 1413 569 1454 ne
589 1401 656 1468 qnid
674 1403 796 1454 inausum
915 1418 955 1457 aas

95 1478 154 1530 Aut
170 1479 348 1531 intractatum
367 1477 510 1530 scelerisve
532 1477 620 1530 dolive
639 1477 743 1544 fuisset,

94 1552 230 1617 Quattuor
247 1569 263 1605 a
281 1553 394 1606 stabulis
412 1553 564 1621 praestanti
584 1570 697 1622 corpore
716 1558 809 1608 tauros

95 1630 212 1695 Avertit,
232 1629 348 1682 totidem
366 1629 454 1682 forma
471 1633 618 1696 superante
636 1631 768 1683 iuvencas.

94 1706 188 1773 Atque
205 1705 261 1771 hos,
280 1721 314 1757 ne
333 1721 387 1772 qua
404 1705 495 1759 forent
513 1705 631 1772 pedibus
651 1707 765 1773 vestigia
783 1707 873 1774 rectis,

94 1781 188 1835 Gauda
205 1782 233 1834 in
252 1782 407 1848 speluncam
426 1785 529 1835 tractos
547 1779 688 1849 versisque
705 1783 808 1834 viarum
914 1800 954 1840 aro

95 1858 206 1910 Indieiis
223 1862 317 1925 raptos
336 1874 401 1910 saxo
420 1856 576 1910 occultabat
594 1873 685 1925 opaco.

95 1934 242 1998 Quaerenti
260 1934 333 1986 nulla
351 1933 387 1985 ad
404 1933 559 2001 speluncam
578 1933 657 2000 signa
674 1933 806 1989 ferebant.

95 2009 211 2076 Interea,
231 2026 291 2062 eum
309 2010 363 2062 iam
382 2009 495 2062 stabulis
515 2012 639 2061 saturata
656 2013 778 2064 moveret
861 2009 867 2020 '

96 2085 353 2154 Amphitryoniades
372 2088 497 2138 armenta
514 2084 674 2152 abitumque
692 2090 811 2155 pararet,

97 2161 220 2215 Discessu
238 2163 343 2228 mugire
361 2161 451 2228 boves,
470 2163 553 2228 atque
571 2177 651 2214 omne
669 2162 788 2230 querelis
915 2179 954 2220 215

97 2237 196 2305 inpleri
215 2253 318 2305 nemus,
336 2240 365 2290 et
382 2238 464 2290 eolles
482 2237 599 2290 clamore
617 2237 739 2305 relinqui.

95 2313 227 2366 Reddidit
243 2329 298 2365 una
315 2313 397 2366 boum
415 2330 508 2366 vocem
527 2317 658 2381 vastoque
677 2314 726 2366 sub
745 2316 824 2368 antro

94 2389 193 2457 Mugiit
211 2393 239 2444 et
258 2389 322 2446 Caci
340 2406 415 2458 spem
436 2390 575 2443 custodita
592 2388 696 2442 fefellit.

94 2465 147 2520 llic
164 2483 229 2520 vero
248 2466 364 2519 Alcidae
382 2466 460 2519 iuriis
485 2469 625 2523 exarserat
645 2471 706 2519 atro

94 2543 115 2594 F
117 2543 168 2596 elle
181 2544 271 2610 dolor;
293 2543 365 2610 rapit
378 2560 454 2596 arma
466 2559 547 2595 manu
559 2543 692 2610 nodisque
703 2544 848 2610 gravatum
914 2559 952 2598 aaa

94 2619 193 2686 Robur,
214 2625 241 2673 et
260 2621 326 2673 aerii
345 2637 425 2673 cursu
443 2620 513 2687 petit
531 2619 617 2671 ardna
636 2619 745 2672 montis.
777 2654 781 2661 -

93 2695 159 2748 Tum
179 2697 296 2764 primum
315 2698 401 2750 nostri
422 2697 521 2750 Cacum
541 2696 636 2750 videre
655 2697 800 2749 timentem

93 2771 296 2841 'turbatumque
315 2774 415 2836 oculis;
434 2775 503 2841 fugit
521 2773 594 2826 ilicet
613 2772 686 2826 ocior
705 2771 778 2826 Euro

93 2847 306 2915 Speluncarnqne
323 2849 413 2915 petit3
432 2849 549 2916 pedibus
568 2849 651 2922 timor
670 2848 778 2901 addidit
796 2846 860 2901 alas

92 2921 132 2973 Ut
150 2939 209 2975 sese
227 2923 343 2989 inclusit,
361 2926 502 2991 ruptisque
520 2925 626 2977 inmane
645 2924 747 2977 catenis
913 2937 949 2976 aaa

93 2993 198 3048 Deiecit
215 3014 317 3065 saxum,
335 3001 407 3052 ferro
427 3000 501 3066 quod
523 3003 551 3052 et
570 3003 631 3051 arte
650 3004 765 3066 paterna

94 3067 241 3136 Pendebat‚
258 3074 393 3140 fultosque
412 3076 525 3128 emuniit
544 3075 630 3128 obiice
648 3076 742 3142 postis,

31 3131 57 3168 ἱ
93 3138 161 3190 ¹<lere
178 3142 270 3195 furens
287 3149 383 3200 animis
400 3149 497 3201 aderat
516 3149 679 3215 Tirynthius,
698 3166 861 3217 omnemque
