2174 3502
354 554 384 603 P.
402 554 558 604 VERGILI
576 554 743 604 MARONIS

315 719 792 796 AENEIDOS

397 909 514 963 LIBER
533 908 710 974 QUINTUS.

502 1068 603 1099 ...4-

129 1179 255 1240 Inrnsns
274 1185 394 1241 medium
413 1191 523 1242 Aeneas
540 1190 595 1243 iam
613 1189 698 1241 classe
717 1186 829 1240 tenebat

127 1261 226 1316 Certus
243 1263 304 1330 iter,
323 1262 475 1332 fluctusque
493 1269 567 1318 atros
585 1264 711 1331 aquilone
729 1262 846 1328 secabat,

127 1337 235 1392 Moenia
253 1339 407 1408 respiciens,
427 1357 497 1408 quae
514 1341 568 1394 iam
586 1339 700 1392 infelicis
720 1337 823 1391 Elissae

127 1413 276 1469 Conlucent
293 1415 416 1470 flammis.
453 1416 529 1480 Quae
548 1419 657 1469 tantum
675 1414 831 1468 accenderit
849 1418 951 1484 ignem,

127 1489 229 1546 Caussa
246 1492 329 1556 latet;
347 1491 408 1545 duri
426 1508 525 1560 magno
544 1490 593 1544 sed
611 1506 703 1544 annone
722 1489 830 1544 dolores
970 1507 984 1546 ε

127 1565 242 1634 Polluto,
260 1570 416 1636 notumque,
434 1567 528 1623 furens
546 1567 612 1636 quid
630 1566 730 1619 femina
748 1569 841 1635 possit,

126 1641 216 1696 Triste
233 1659 283 1712 per
300 1643 443 1710 augurium
462 1643 628 1698 Teucrorum
647 1647 757 1710 pectora
775 1643 886 1697 ducunt.

160 1718 200 1772 Ut
217 1719 329 1786 pelagus
347 1723 461 1773 tenuere
478 1714 559 1788 rates,
578 1735 628 1772 nec
645 1719 700 1772 iam
718 1719 833 1786 amplius
851 1719 907 1772 ulla
1084 1715 1086 1747 ⁴

126 1793 253 1850 Occurrit
270 1796 358 1863 tellus,
376 1797 463 1850 maria
480 1796 602 1867 undique
620 1800 649 1849 et
666 1795 788 1864 undiquc
807 1795 920 1861 caelum,
1083 1757 1085 1848 l

126 1870 179 1925 Olli
197 1873 336 1926 caeruleus
354 1889 437 1942 supra
454 1876 538 1942 caput
557 1872 668 1926 adstitit
685 1871 780 1934 imber,
957 1887 982 1924 ro
1083 1877 1085 1942 l

78 1973 81 1978 ·
126 1947 241 2004 Noctem
259 1949 430 2018 hiememque
448 1949 546 2016 ferens,
562 1952 591 2002 et
606 1947 741 2001 inhorruit
758 1947 832 1999 unda
850 1946 981 2000 tenebris.
1083 1947 1084 2026 l

126 2023 190 2093 Ipse
207 2025 374 2093 guberuator
391 2024 475 2094 puppi
495 2024 639 2078 Palinurus
657 2022 692 2076 ab
711 2023 780 2077 alta:
1083 2037 1084 2046 ¹

127 2099 204 2155 Heu!
223 2102 349 2171 quianam
367 2101 438 2155 tanti
456 2101 600 2154 cinxerunt
617 2100 731 2155 aethera
748 2099 851 2153 nimbil

126 2176 238 2244 Quidve,
256 2181 335 2246 pater
352 2179 488 2247 Neptune,
506 2179 602 2246 parasl
639 2176 682 2230 Sic
700 2176 800 2230 deinde
818 2176 925 2228 locutus
1082 2233 1083 2240 χ

126 2252 259 2320 Colligere
277 2270 353 2306 arma
370 2253 446 2308 iubet
464 2252 616 2322 validisque
633 2252 791 2306 incumbere
809 2253 900 2312 remis,
960 2266 984 2303 15
1081 2293 1082 2318 3

126 2327 310 2396 Obliquatque
328 2329 402 2381 sinus
419 2330 446 2382 in
467 2333 586 2395 venturu,
604 2345 635 2382 ac
653 2329 719 2382 talia
737 2329 824 2382 fatur:
1081 2325 1082 2332 ’

125 2403 297 2472 Magnanimo
318 2406 420 2473 Aenea,
438 2422 498 2469 non,
517 2407 540 2460 si
560 2405 625 2459 mihi
644 2405 770 2474 Iuppiter
789 2407 884 2456 auctor

124 2478 270 2548 apondeat,
289 2480 339 2534 hoe
357 2497 464 2549 sperem
484 2483 591 2537 Italiam
613 2482 769 2550 contingere
787 2479 870 2534 caelo.

124 2555 225 2610 Mutati
243 2560 398 2611 transversa
415 2558 536 2612 fremunt
555 2563 584 2612 et
603 2575 717 2626 vespere
738 2556 773 2610 ab
791 2559 852 2609 atro

124 2630 297 2700 Consurgunt
315 2635 397 2698 venti,
415 2639 500 2704 atque
519 2635 546 2688 in
565 2634 665 2688 nubem
683 2633 790 2702 cogitur
807 2649 859 2686 aer.
961 2643 986 2682 ao

123 2706 149 2759 N
151 2724 182 2762 ec
199 2725 248 2762 nos
266 2709 352 2762 obniti
370 2715 472 2780 contra,
491 2728 540 2764 nec
559 2710 675 2764 tendere
697 2713 805 2764 tantum

123 2784 281 2838 Sufficimus.
317 2787 435 2854 Superat
452 2788 578 2856 quoniam
598 2787 726 2853 Fortuna,
747 2799 902 2852 sequamur,

123 2861 237 2929 Quoque
255 2866 339 2928 vocat,
358 2868 496 2917 vertamus
512 2863 573 2916 iter.
610 2861 636 2914 N
638 2879 669 2916 ee
686 2861 768 2915 litora
785 2859 866 2926 longe

123 2935 192 2989 Fida
210 2954 272 2990 reor
288 2937 412 2990 fraterna
431 2939 525 3007 Erycis
543 2942 694 3006 portusque
714 2937 832 3003 Sicanos,

122 3009 151 3062 Si
168 3013 249 3065 modo
266 3013 320 3065 rito
338 3030 441 3066 memor
459 3020 567 3066 servata
585 3013 716 3066 remetior
734 3016 815 3066 astra.
959 3027 984 3066 aa

122 3084 190 3138 Tum
208 3088 268 3154 pius
287 3090 409 3141 Aeneas:
427 3086 564 3155 Equidem
584 3087 622 3140 sic
641 3104 753 3155 poscere
772 3089 868 3141 ventos

124 3157 286 3214 Iamdudum
305 3166 335 3215 et
352 3163 456 3216 frustra
473 3179 554 3214 cerno
572 3166 601 3215 te
620 3163 736 3216 tendere
754 3167 859 3217 contra.

20 3287 29 3308 Ι
123 3230 215 3284 Flecte
234 3237 302 3288 viam
320 3237 395 3290 velis.
431 3239 475 3290 An
494 3238 530 3290 sit
548 3237 621 3311 mihi
631 3240 735 3305 gratior
753 3238 815 3292 ulla.
