2154 3518
105 135 137 182 42
343 134 373 183 P.
392 133 546 183 VERGILI
565 133 732 182 llIAltONIS

105 212 231 280 Victima,
249 229 330 280 saepe
348 216 396 266 tuo
415 212 519 282 perfusi
538 213 648 267 flumine
666 231 752 282 sacro,

105 291 241 343 Itemauos
259 290 295 343 ad
312 290 416 358 templa
433 290 515 342 deum
534 290 637 344 duxere
656 292 814 360 triumphos.

105 366 158 420 Hic
176 383 223 420 ver
242 366 386 420 adsiduum
405 371 490 434 atque
509 367 602 420 alienis
620 367 758 421 mensibus
777 373 886 434 nestss;

104 443 153 496 Bis
170 443 299 512 gravidae
316 443 443 511 pecudes,
462 442 503 496 bis
520 444 606 511 pomis
624 443 700 498 utilis
717 445 803 499 arbos.
932 464 976 503 ιω

105 521 146 574 At
163 520 276 574 rabidae
293 521 378 588 tigres
397 518 496 573 absunt
514 523 544 573 et
562 536 642 573 saera
671 537 768 572 conum

59 619 61 624 ¹
104 597 219 666 Semina,
238 614 288 652 nee
306 597 419 651 miseros
437 595 535 648 fallunt
552 596 659 649 aconita
677 596 811 666 legentis,
863 655 866 660 ,

104 670 161 728 Nee
179 674 251 744 rapit
268 675 404 727 inmensos
421 672 494 725 orbis
512 688 561 741 per
579 671 698 738 humum,
717 690 805 741 nequo
822 679 902 728 tauto

104 750 255 818 Squameus
271 751 300 804 in
318 750 419 819 spiram
436 752 527 802 tractu
546 764 575 802 se
593 748 697 814 colligit
715 751 817 816 anguis.

104 827 187 880 Adde
205 831 248 882 tot
266 827 391 896 egregias
408 825 491 878 urbes
510 842 677 894 operumque
695 824 824 892 laborem,
929 844 972 883 155

103 901 155 956 Tot
173 908 303 972 congesta
321 920 402 956 manu
419 903 574 971 praeruptis
593 901 692 970 oppida
711 903 791 969 saxis,

104 979 282 1048 Fluminaque
300 980 426 1048 antiquos
444 976 659 1030 subterlabentia
677 995 775 1033 muros.

103 1058 149 1108 An
161 1072 243 1124 mare,
256 1056 330 1125 quod
343 1072 431 1123 supra,
444 1070 600 1122 memorem,
614 1055 742 1123 quodque
755 1055 842 1108 adluit
853 1055 948 1112 infra?

103 1131 184 1185 Anne
201 1132 275 1185 lacus
293 1135 392 1196 tantos,
411 1135 447 1197 to,
467 1130 529 1183 Lari
548 1147 682 1196 irraxumc,
702 1136 791 1200 teque,

103 1207 244 1262 Fluctibus
262 1211 291 1262 et
309 1207 420 1260 fremitu
439 1206 590 1274 adsurgens
611 1207 718 1260 Benace
736 1209 857 1262 marinol
924 1227 968 1263 rsa

103 1285 148 1338 An
166 1302 314 1339 memorem
332 1288 428 1354 portus
447 1283 618 1351 Lucrinoque
638 1283 733 1336 addita
751 1283 867 1338 claustra

82 1359 196 1429 'Atque
213 1362 385 1430 indignatum
403 1360 507 1428 magnis
529 1359 691 1414 stridoribus
709 1375 818 1428 aequor,

102 1436 171 1489 Iulia
188 1455 242 1506 qua
259 1441 343 1506 ponto
361 1437 442 1507 longe
460 1440 539 1489 sonat
556 1435 630 1489 unda
648 1436 738 1488 refuso

100 1513 309 1582 Tyrrhenusque
326 1513 405 1566 fretis
423 1511 572 1564 inmittitur
591 1515 683 1565 aestus
702 1513 841 1567 Avernisl

16 1617 18 1622 .
100 1588 178 1642 Haec
196 1588 292 1642 eadem
311 1589 418 1657 argenti
437 1588 509 1642 rivos
528 1587 653 1657 aerisque
671 1589 782 1642 metalla
922 1611 964 1647 ιω

78 1679 84 1707 ··
100 1659 231 1718 Ostendit
248 1665 330 1733 venis,
350 1668 433 1733 atque
452 1681 517 1717 auro
536 1664 652 1731 plurima
669 1665 756 1719 fluxit.

3 1785 4 1794 ,
102 1740 177 1793 llaec
194 1758 280 1808 genus
299 1758 361 1794 acre
379 1741 475 1806 virum,
496 1740 609 1808 Marsos,
630 1741 786 1810 pubemque
804 1742 950 1810 Sabellam,

102 1817 310 1886 adsuetumque
328 1817 399 1870 malo
419 1816 554 1884 Ligurem,
576 1816 742 1887 Volscosque
761 1822 869 1872 verutos

3 1875 4 1898 ³
101 1893 214 1958 llxtnlit,
231 1893 297 1946 liaeo
316 1893 420 1958 Decios,
440 1892 548 1959 uranos,
568 1911 733 1962 magnosque
752 1894 885 1962 Camillos,

100 1968 239 2036 Scipiadas
257 1969 340 2022 duros
357 1970 436 2037 bello,
455 1975 485 2023 et
503 1973 538 2038 te,
557 1987 682 2024 iliarume
701 1970 809 2038 Caesar,
920 1985 962 2026 170

74 2062 79 2068 ·
101 2045 151 2109 Qui
170 2063 239 2099 nunc
258 2047 387 2100 extremis
407 2047 490 2100 Asiae
507 2047 560 2100 iam
579 2048 664 2100 vietor
682 2049 709 2100 in
727 2048 781 2101 oris
833 2053 835 2058 ’

102 2121 234 2174 Inbellem
252 2123 354 2176 avertis
373 2123 501 2176 Romanis
519 2124 625 2176 arcibus
644 2123 753 2177 Indum.

101 2198 187 2264 Salve,
206 2215 304 2266 magna
321 2215 421 2267 parens
438 2200 555 2266 frugum,
575 2200 701 2254 Saturnia
719 2201 807 2272 tellus,

90 2273 200 2340 Magna
217 2275 320 2338 virum3
338 2273 387 2326 tibi
405 2291 449 2326 res
468 2275 597 2340 antiquae
618 2273 706 2327 laudis
724 2281 753 2329 et
770 2279 838 2332 artis

101 2348 251 2416 Ingredior,
270 2353 378 2402 sanctos
397 2365 478 2401 ausus
496 2349 641 2403 recludere
657 2351 747 2418 fontis,
916 2369 954 2411 176

100 2426 304 2493 Ascraeumque
322 2441 388 2477 cano
408 2424 531 2478 Romana
548 2442 598 2494 per
618 2426 717 2495 oppida
735 2443 848 2482 earrrron.

133 2501 213 2554 Nunc
230 2500 303 2553 locus
321 2517 447 2554 errorum
465 2500 585 2568 ingeniis
605 2519 674 2571 quae
693 2501 792 2554 robora
809 2505 914 2574 cuique,

99 2578 164 2642 Quis
181 2575 261 2644 color,
280 2582 309 2630 et
328 2594 397 2646 quae
415 2577 451 2630 sit
469 2577 552 2631 rebus
570 2582 670 2632 natura
687 2577 813 2631 ferendis.

98 2653 226 2706 Difficiles
244 2655 360 2720 primum
378 2658 469 2710 terrae
488 2655 624 2724 collesque
642 2653 759 2721 maligni,

97 2729 196 2783 Tenuis
213 2730 261 2782 ubi
278 2731 373 2800 argilla
391 2735 420 2786 et
439 2731 558 2786 dumosis
577 2731 695 2786 calculus
713 2731 791 2798 arvis,
916 2751 953 2790 rsa

98 2805 220 2860 Palladia
238 2808 358 2874 gaudent
377 2810 442 2863 silva
459 2809 557 2863 vivacis
575 2809 670 2863 olivae.

98 2883 202 2937 Iudicio
220 2889 263 2936 est
281 2889 370 2940 tractu
389 2902 503 2955 surgens
522 2887 639 2943 oleaster
657 2885 755 2940 eodem

98 2959 234 3013 Plurimus
251 2966 280 3014 et
299 2964 378 3016 strati
395 2962 470 3016 bacis
489 2963 657 3019 silvestribus
675 2962 741 3032 agri.

98 3033 139 3086 At
157 3051 226 3102 quae
244 3023 468 3106 pinguis⁸humus
485 3039 611 3111 dulcique
627 3042 731 3110 uligine
748 3040 829 3106 laeta,

98 3106 205 3177 Quique
222 3113 352 3182 frequens
371 3114 461 3168 herbis
480 3117 509 3168 et
526 3118 624 3172 fertilis
640 3117 726 3172 ubere
744 3117 887 3182 campus-s
917 3129 950 3168 rsa

99 3179 212 3246 Qualem
230 3204 310 3257 saepe
328 3207 393 3244 cava
411 3195 511 3246 montis
529 3195 649 3248 convalle
668 3195 786 3248 solemus
