2172 3506
388 135 573 184 sunalbus
591 136 658 184 LIB.
679 137 729 186 XI.
940 138 985 186 309

134 218 223 270 Arma
242 217 385 283 virumque
403 217 510 283 lorens3
529 221 588 271 tum
606 235 712 271 summa
731 219 819 287 ipsius
836 217 872 272 ab
889 217 969 290 hasta

135 292 275 360 Defringit
293 292 402 356 fortuni,
421 298 450 346 et
467 294 554 362 partis
572 294 688 346 rimatur
706 299 822 362 apertas,

135 367 195 433 Qua
213 369 309 422 volnus
328 369 409 422 letale
427 370 513 434 ferat;
530 374 626 424 contra
643 369 690 422 ille
707 387 863 439 repugnans

135 445 259 498 Sustinet
277 461 294 497 a
311 443 403 512 iugulo
421 445 556 513 dextram,
574 450 603 500 et
621 445 676 498 vim
694 447 798 500 uiribus
816 446 880 500 exit.
949 459 984 500 700

75 561 79 569 .
134 519 230 589 thue
248 521 341 573 volans
359 520 414 574 alte
432 525 541 589 raptum
559 536 620 574 cum
639 522 712 575 fulva
730 522 874 575 draconem

135 596 204 650 Fert
216 596 314 665 aquila,
326 597 504 664 inplicuitque
517 598 609 666 pedes,
621 603 705 668 atque
716 598 853 666 unguibus
865 597 967 664 haesit;
987 620 993 629 *

135 673 249 726 Saucius
267 677 296 726 at
314 689 426 742 serpens
444 675 552 727 sinuosa
570 675 707 727 volumina
724 678 822 741 versat,

135 750 316 816 arrectisque
333 749 428 802 horret
446 750 574 818 squamis,
593 755 623 803 ct
640 751 732 803 sibilat
749 767 803 816 ore,

134 826 249 878 Arduus
261 825 418 892 insurgens3
430 825 477 877 illa
489 825 563 878 haud
575 826 665 878 miuus
676 829 776 894 urguet
788 825 892 878 obunco
949 838 984 878 700

103 946 106 952 .
134 901 297 957 Luctantem
317 907 421 965 rostr03
439 902 651 955 simnl'aethera
669 903 795 956 verberat
813 902 863 954 alis
874 916 917 974 27<

136 977 221 1030 llaud
238 978 318 1030 aliter
335 977 465 1045 praedam
484 977 628 1031 Tiburtum
647 995 681 1031 ex
699 979 808 1046 agmine
827 978 948 1032 Tarchon

136 1053 232 1106 l’ortat
250 1069 339 1106 ovans.
376 1053 459 1106 Ducis
476 1052 631 1120 exemplum
651 1059 833 1120 eventumque
852 1054 937 1106 secuti

134 1126 295 1182 Maeonidae
313 1129 461 1182 incurrunt.
499 1129 566 1181 'lum
586 1129 648 1182 fartis
667 1129 777 1181 debitus
799 1132 904 1182 Arruns

134 1204 263 1258 Velocem
281 1205 368 1258 iaculo
387 1210 416 1258 ct
435 1205 521 1258 multa
538 1204 614 1273 prior
632 1209 693 1257 arte
713 1205 853 1258 Camillam
948 1218 984 1258 70)

133 1280 246 1346 Circuit,
265 1285 301 1348 et,
320 1298 391 1350 quae
409 1281 445 1334 sit
463 1281 573 1334 fortium
590 1281 723 1345 facillima,
743 1283 866 1348 temptat.

134 1357 196 1420 Qua
213 1373 243 1412 se
260 1373 375 1424 cumque
393 1357 487 1410 lurens
504 1355 594 1408 medio
613 1355 678 1408 tulit
695 1355 802 1423 agmine
822 1356 906 1424 virgo,

135 1433 196 1486 Hac
214 1437 322 1486 Arruns
340 1433 420 1500 subit,
439 1437 468 1486 et
486 1431 585 1484 tacitus
604 1431 718 1498 vestigia
737 1431 854 1496 lustrat3

134 1510 195 1572 Qua
212 1509 309 1563 victrix
327 1509 399 1562 redit
417 1508 463 1561 illa
480 1508 634 1575 pedemque
652 1523 686 1560 cx
704 1507 782 1560 hoste
801 1509 932 1576 reportat,

135 1585 196 1639 Hac
213 1586 318 1638 iuvenis
335 1585 429 1638 furtim
447 1583 543 1638 celeris
561 1583 709 1652 detorquet
726 1583 853 1637 habenas.
947 1596 983 1637 700

136 1661 195 1714 Hos
212 1661 310 1728 aditus,
328 1662 437 1728 iamque
455 1659 504 1712 hos
523 1660 622 1726 aditus,
641 1677 804 1728 omnemque
822 1662 948 1728 pererrat

135 1736 265 1806 Undique
277 1737 428 1803 circuitum,
440 1739 470 1788 et
480 1739 585 1788 certam
597 1738 687 1804 quatit
699 1737 829 1804 inprobus
842 1736 958 1789 hastam.

136 1813 219 1866 Forte
237 1829 314 1866 sacer
332 1812 448 1881 Cybelae
468 1812 599 1866 Chloreus
617 1812 736 1880 olimque
755 1811 879 1865 sacerdos

136 1889 252 1956 Insignis
270 1890 350 1957 longe
370 1889 493 1957 Phrygiis
511 1887 634 1956 fulgebat
652 1890 680 1940 in
698 1889 787 1953 armis,

135 1965 367 2034 Spumantemque
378 1965 502 2032 agitabat
514 1981 621 2032 equum,
635 1981 716 2032 quem
729 1965 807 2032 pellis
819 1963 894 2016 aeriis
947 1975 983 2016 770

136 2041 168 2093 Iu
187 2042 306 2108 plumam
325 2042 444 2109 squamis
462 2059 528 2094 auro
546 2044 670 2105 conserta
688 2040 806 2108 tegebat.

136 2118 206 2186 Ipse,
225 2119 367 2186 peregrina
385 2119 523 2184 fernrgiue
541 2118 628 2170 clarus
647 2120 676 2170 et
694 2122 775 2180 ostro,

135 2194 243 2261 Spicula
261 2194 409 2263 torquebat
427 2194 508 2262 Lycio
527 2194 658 2260 Gortynia
676 2209 773 2257 cornu;

135 2274 245 2324 Aureus
263 2287 298 2324 ex
315 2271 427 2324 humero
446 2274 523 2324 sonat
541 2286 626 2336 arcus,
645 2273 673 2323 et
691 2287 773 2323 aurea
790 2270 844 2322 vat'

135 2345 262 2411 Cassida;
285 2350 344 2400 tum
371 2363 492 2400 croceam
519 2345 743 2415 chlamydemque
767 2346 896 2414 sinusque
927 2361 984 2396 ere-

203 2423 294 2490 pantis
949 2434 985 2474 770

135 2497 284 2552 Carbas'cos
301 2499 374 2552 lulvo
392 2499 420 2551 in
438 2499 539 2551 nodum
557 2497 703 2564 collegerat
721 2497 793 2562 auro,¹

136 2573 229 2627 Pictus
246 2591 297 2628 acu
314 2575 419 2628 tunicas
437 2578 466 2628 et
483 2573 601 2627 barbara
618 2573 739 2640 tegmina
756 2587 873 2624 crrrrum.

136 2650 217 2703 Hune
234 2651 318 2718 virgo,
337 2651 394 2704 sive
410 2654 442 2704 ut
460 2650 570 2719 templis
588 2647 753 2718 praefigeret
771 2665 846 2700 arma

136 2727 222 2792 Troia,
240 2727 347 2795 captivo
366 2727 423 2780 sire
440 2730 473 2781 ut
490 2743 520 2780 se
537 2725 622 2780 ferret
640 2725 667 2776 in
686 2741 759 2790 auro,

135 2801 270 2855 Venatrix
288 2819 373 2854 unum
391 2820 425 2856 ex
443 2802 516 2856 ornni
533 2802 682 2855 certamine
700 2817 806 2870 pugnae
948 2812 985 2853 700

136 2877 224 2931 Caeca
243 2878 416 2948 sequebatur,
434 2882 578 2945 totumque
596 2878 705 2930 incauta
722 2894 772 2945 per
790 2892 886 2944 agmmi

137 2953 266 3008 Femineo
284 2954 402 3022 praedae
420 2957 449 3007 et
467 2954 613 3022 spoliorum
631 2952 747 3006 ardebat
764 2968 872 3005 amore:

136 3029 231 3083 Telum
249 3047 284 3084 ex
301 3030 407 3084 insidiis
425 3047 486 3084 cum
503 3030 615 3083 tandem
633 3031 758 3096 tempore
776 3031 854 3097 capto

136 3105 262 3160 Concitet
280 3110 309 3160 et
329 3123 441 3175 superos
461 3109 567 3160 Arruns
585 3106 623 3158 sic
640 3121 706 3157 voce
724 3109 868 3172 precatur:

136 3181 248 3235 Summe
265 3183 357 3246 dcunr,
376 3184 461 3236 sancti
479 3187 571 3235 custos
589 3179 708 3233 Soractis
727 3178 833 3249 Apelle,
949 3188 986 3231 700
