2152 3506
363 167 438 215 AEN
441 167 544 215 EIDOS
567 166 636 214 LIB.
661 165 683 214 1.
926 166 957 215 87

95 249 293 316 Ductoresque
310 247 384 316 ipsos
402 247 527 316 primunr,
547 247 636 315 capita
654 247 710 300 alta
727 246 841 300 ferentis

94 324 237 379 Cornibus
255 323 382 387 arboreis,
402 323 507 390 sternit,
526 326 585 376 tum
604 323 707 390 volgus,
725 327 754 376 ot
772 339 879 376 omnem
921 336 957 376 loo

96 400 201 453 Miscet
219 416 302 466 agens
320 399 383 452 telis
401 415 512 451 nemora
529 400 602 452 inter
619 398 733 451 frondea
750 399 859 452 turbam
868 420 874 464 ;

97 478 160 530 Nec
178 475 254 544 prius
272 474 389 542 absistit,
408 492 490 544 quam
509 479 615 544 septem
633 475 755 542 iugentia
773 476 858 529 vietor

97 553 223 620 Corpora
235 551 333 604 fundat
345 551 421 604 humi
434 555 463 604 ct
475 569 618 604 numerum
631 569 691 606 cum
706 551 820 604 navibus
832 557 939 620 aequet.

98 629 176 682 Hinc
193 631 303 696 portum
322 628 401 696 petit.
420 631 448 680 et
466 628 551 680 socios
568 629 688 696 partitur
705 628 732 681 in
751 629 844 681 omnia.

98 704 175 758 Vina
192 704 279 757 bonus
298 720 369 771 qnae
388 702 488 756 deinde
506 703 581 756 cadis
599 709 725 757 onerarat
745 708 859 758 Acestes
921 721 957 759 rar

99 781 196 834 Litore
215 781 352 832 Trinacrio
372 779 542 847 dederatque
560 779 723 833 abeuntibus
740 781 827 848 heros,

99 856 216 922 Dividit,
234 861 264 909 et
282 855 363 909 dictis
381 857 530 909 maerentia
547 860 658 924 pectora
676 857 789 912 mulcet:

136 933 160 986 Ο
175 934 368 1000 socii-neque
380 934 452 986 enim
465 933 551 1000 ignari
564 949 656 986 sumus
668 937 732 987 aute
744 933 913 988 malorum-

100 1009 124 1062 Ο
145 1010 218 1078 passi
235 1009 367 1076 graviora,
386 1008 464 1062 dabit
482 1009 550 1062 deus
570 1010 611 1062 his
630 1028 739 1079 quoque
757 1012 846 1064 finani.

100 1085 160 1138 Vos
179 1089 208 1138 et
227 1086 373 1154 Scyllaeam
392 1086 495 1139 rabiem
514 1087 676 1154 penitusque
694 1087 814 1140 sonantis
918 1101 955 1140 aoo

102 1163 228 1215 Accestis
247 1162 377 1231 scopulos,
396 1179 443 1215 vos
462 1165 490 1215 et
509 1162 634 1231 Cyclopia
653 1180 718 1216 saxa

100 1237 231 1306 Experti:
253 1241 380 1291 revocate
397 1238 507 1304 animos,
526 1242 713 1306 maestumque
731 1240 859 1294 timorem

101 1313 222 1368 Mittite:
244 1315 335 1367 lorsan
354 1319 382 1366 et
400 1313 466 1367 haee
484 1315 548 1366 olim
566 1315 720 1368 meminisse
737 1316 848 1370 iuvabit

102 1390 158 1444 Per
176 1391 265 1443 varios
284 1407 368 1456 casus,
386 1407 435 1459 per
454 1393 497 1442 tot
515 1389 671 1442 discrimina
689 1409 780 1444 rerum

102 1466 251 1520 Tendimus
269 1467 297 1519 in
315 1467 431 1532 Latium,
452 1465 530 1518 sedes
548 1465 595 1518 ubi
613 1466 669 1519 fata
688 1469 794 1535 quietas
918 1483 955 1524 ωε

103 1543 277 1608 Ostendunt;
295 1543 409 1596 illicias
427 1559 510 1610 regna
529 1560 673 1610 resurgere
692 1543 794 1599 Troiae.

56 1619 99 1669 l(
103 1621 215 1689 Durate,
235 1624 263 1673 et
282 1623 386 1673 vosmet
405 1619 487 1672 rebus
506 1625 613 1674 servate
632 1621 763 1674 secundis.

138 1697 212 1750 Talia
230 1714 295 1750 voce
313 1697 404 1763 refert,
424 1697 550 1765 curisque
568 1697 724 1764 ingentibus
742 1715 825 1767 aeger

103 1774 184 1842 Spem
203 1775 278 1827 voltu
296 1773 411 1840 simulat,
431 1773 531 1840 premit
550 1774 635 1827 altum
655 1775 736 1828 eorde
755 1775 883 1830 dolorem.

105 1850 148 1902 llli
167 1868 196 1904 se
212 1851 331 1919 praedae
350 1852 495 1918 accingunt
514 1850 683 1920 dapibusque
701 1853 812 1905 futuris:
918 1867 955 1906 no

104 1926 223 1996 Tergora
240 1928 381 1996 deripiunt
399 1928 480 1980 costis
500 1931 529 1980 et
546 1928 650 1982 viscera
668 1929 787 1991 nudant,

104 2005 170 2056 Pars
188 2006 215 2057 in
232 2006 320 2057 frusta
339 2009 431 2058 secant
449 2004 613 2072 veribusque
630 2005 777 2058 trementia
794 2004 896 2071 figunt3

105 2079 195 2134 Litore
213 2098 280 2134 aena
297 2081 387 2134 locant
406 2081 457 2148 alii,
476 2081 653 2148 flammasque
673 2080 837 2133 ministrant.

81 2185 82 2188 ¹
105 2156 170 2210 Tum
189 2157 262 2210 victu
280 2162 408 2210 revocant
426 2157 498 2224 viris,
518 2157 626 2225 lusique
645 2174 694 2226 per
711 2155 823 2208 herbam

105 2234 247 2301 Inplentur
265 2235 365 2287 veteris
384 2233 484 2287 Bacchi
503 2234 666 2302 pinguisque
685 2232 795 2286 ferinae.
918 2248 954 2286 215

106 2309 250 2379 Postquam
270 2315 396 2380 exempta
414 2311 500 2364 fames
520 2311 607 2379 epulis
625 2326 789 2378 mensaeque
807 2314 936 2378 remotae,

105 2387 225 2440 Amissos
243 2387 322 2456 longo
341 2388 426 2440 socios
446 2403 570 2440 sermone
590 2388 742 2456 requirunt,

75 2511 80 2524 .
106 2465 238 2532 Spemque
256 2468 414 2532 metumque
432 2465 506 2518 inter
524 2463 607 2528 dubii,
627 2482 675 2519 sen
693 2464 783 2517 vivero
802 2462 925 2531 credant,

106 2541 164 2594 Sive
183 2545 307 2595 extrema
324 2541 382 2610 pati
401 2559 451 2596 nee
468 2542 522 2595 iam
542 2542 670 2595 exaudire
688 2543 803 2593 vocatos.

107 2617 251 2686 Praecipue
270 2619 332 2687 pius
353 2621 461 2673 Aeneas
479 2635 549 2671 nunc
569 2619 638 2671 acris
658 2617 763 2683 Oronti,
918 2631 954 2669 auo

108 2693 181 2747 Nune
200 2697 298 2763 Amyci
317 2712 408 2748 casum
426 2696 512 2764 gemit
530 2698 559 2747 et
577 2693 698 2747 crudelia
716 2708 806 2745 seeum

108 2769 172 2822 Fata
190 2770 262 2839 Lyci,
280 2771 434 2840 fortemque
454 2773 538 2840 Gyan,
558 2771 711 2837 fortemque
730 2766 900 2821 Cloanthum.

138 2846 172 2899 llt
190 2848 243 2900 iam
262 2847 322 2900 finis
342 2854 408 2915 erat,
427 2866 487 2902 cum
507 2849 632 2916 Iuppiter
649 2845 760 2899 aethere
779 2859 885 2897 summo

108 2921 260 2992 Despieiens
278 2939 353 2977 mars
372 2925 514 2978 velivolum
533 2928 675 2991 terrasque
694 2921 807 2976 iacentis

108 2998 251 3068 Litoraque
270 3005 298 3054 et
317 3000 386 3054 latos
405 3001 524 3070 populos,
544 3001 581 3052 sie
599 2998 702 3052 vertice
720 2997 786 3052 eaeli
918 3007 954 3049 225

110 3075 233 3129 Constitit
252 3080 280 3130 et
299 3076 401 3145 Libyae
420 3076 516 3129 defixit
533 3075 634 3128 lumina
651 3075 749 3142 regnis.

76 3159 105 3216 μί
111 3153 198 3220 Atque
215 3153 292 3205 illum
311 3153 373 3206 talis
391 3153 538 3206 iactantem
557 3157 668 3220 pectore
686 3166 764 3203 ouras

110 3227 218 3282 Tristior
235 3235 265 3282 et
282 3228 400 3282 lacrimis
417 3229 507 3280 oculos
525 3228 626 3280 suffusa
644 3225 757 3278 nitentis
