2152 3506
399 463 429 512 P.
449 461 605 510 VERGILI
625 458 791 508 MARONIS

358 621 835 703 AEN'EIDOS

448 817 564 870 LIBER
582 813 751 868 'intimos

548 975 649 1006 -μ

121 1127 125 1135 ·
172 1096 323 1154 romaum
342 1109 386 1146 res
405 1092 490 1145 Asiae
510 1089 666 1158 Priamique
686 1094 811 1145 evertere
829 1096 939 1160 gentem

170 1171 334 1226 Inmeritam
351 1169 438 1221 visum
457 1166 577 1234 Superis,
594 1167 747 1234 ceciditque
766 1168 913 1238 superbum

170 1249 254 1301 ilium
272 1250 301 1300 et
319 1245 404 1298 omnis
422 1244 504 1296 humo
522 1243 610 1296 fumat
629 1242 768 1311 Neptunia
787 1245 874 1312 Troia,

170 1325 287 1377 Diversa
305 1322 399 1376 exsilia
417 1325 446 1375 et
457 1319 588 1372 desertas
608 1336 739 1386 quaerere
758 1325 846 1374 terras

170 1401 305 1469 Auguriis
323 1399 428 1466 agimur
447 1397 544 1463 divom,
563 1395 731 1463 classemque
751 1397 801 1450 sub
819 1400 878 1466 ipsa
1015 1411 1028 1452 ι

171 1476 318 1530 Antandro
337 1479 365 1528 et
384 1473 517 1543 Phrygiae
534 1473 661 1526 molimur
678 1477 755 1526 mont
743 1473 817 1526 tibus
837 1474 911 1541 Idae,

172 1554 284 1618 Incerti,
303 1551 432 1621 quesita
449 1549 652 1617 ιθιιιιιιιιιιι
632 1553 730 1603 sistere
748 1549 796 1604 det
784 1554 836 1619 t,ur

171 1629 419 1698 contrahimusque
437 1630 514 1681 viros.
553 1627 607 1679 Vix
625 1627 714 1696 prima
731 1627 870 1696 inceperat
888 1632 986 1696 aestas,

50 1714 60 1728 ·
152 1705 153 1710 ’
172 1707 210 1760 Ει
227 1709 308 1774 pater
327 1705 462 1758 Anchises
481 1691 547 1758 (iare
566 1704 615 1758 fat
595 1707 631 1758 trs
649 1704 710 1757 vela
728 1701 856 1770 iubebat;

147 1783 268 1836 Litora
286 1799 347 1835 cum
365 1783 470 1850 patriae
489 1781 632 1834 lacrimans
650 1785 800 1851 portusque
819 1783 941 1851 relinquo
1006 1795 1029 1834 10

139 1848 145 1910 ι
171 1858 211 1912 Ει
229 1875 345 1947 campos,
363 1857 410 1910 ubi
430 1857 509 1912 Troia
526 1857 585 1912 fuit.
567 1858 710 1928 tneor
729 1860 830 1912 exsul'
824 1859 954 1912 maltum

173 1935 243 1989 (ium
261 1935 340 1988 sociis
358 1938 478 2002 natoque
498 1935 647 1988 Penatibus
666 1939 695 1988 et
713 1937 818 2003 magnis
837 1936 885 1989 dis

209 2012 294 2064 Terra
310 2011 405 2080 procul
423 2012 507 2065 vastis
526 2013 623 2066 colitur
643 2013 758 2065 Mavort'
739 2017 777 2064 tra
795 2013 904 2080 corripis,

174 2087 292 2141 Thraces
310 2092 397 2156 arant
377 2089 470 2142 tacri
488 2089 626 2156 quondam
645 2093 758 2156 regnata
730 2089 798 2141 ti
789 2105 906 2157 ycurgq

178 2163 333 2231 Hospitium
352 2164 494 2232 antiquum
514 2165 609 2218 'troiae
628 2165 747 2232 sociique
767 2164 853 2218 Penat
841 2167 891 2229 t‚cs
1007 2179 1030 2216 ιι

175 2238 248 2293 Dum
268 2239 335 2294 Fort
325 2245 390 2294 tuna
406 2241 465 2294 fuit
504 2241 588 2293 Feror
605 2241 665 2308 huo,
685 2244 713 2295 et
730 2241 762 2295 lit
751 2245 810 2295 tore
828 2257 908 2293 curio

176 2316 285 2370 Moenia
301 2319 389 2384 prima
407 2316 472 2385 loe-i,
490 2318 538 2370 ιιι
519 2321 555 2370 trs
573 2317 713 2386 ingressus
731 2318 837 2386 iniquis,

176 2393 376 2461 Aeneadasque
394 2410 455 2446 meo
473 2410 571 2447 nomen
590 2393 625 2446 de
643 2394 751 2448 nomine
769 2396 841 2462 fingo
826 2412 848 2448 o.

211 2469 292 2522 Sacra
310 2412 447 2523 Dionaeae
465 2472 546 2524 matri
564 2471 689 2539 divisque
706 2470 828 2524 ferebam

177 2545 343 2613 Auspicibus
360 2551 518 2616 coeptorum
536 2565 657 2617 operum,
677 2563 830 2616 superoque
848 2549 983 2600 nitentem
1007 2559 1031 2597 ao

176 2621 341 2675 Caelicolum
359 2624 417 2691 regi
435 2624 587 2678 mactabam
605 2625 633 2677 in
651 2625 732 2677 litore
750 2626 868 2678 taurum.

176 2696 261 2750 Forte
272 2693 331 2752 'fuit
348 2698 426 2752 iuxta
444 2701 573 2767 tumulus,
591 2717 646 2770 quo
663 2717 760 2754 cornea
778 2715 884 2752 summo

176 2771 305 2841 Virgulta
324 2778 353 2828 et
371 2774 462 2830 densis
480 2776 626 2830 hastilibus
643 2777 754 2830 horrida
772 2780 885 2846 myrtus.

177 2849 296 2918 Accessi,
315 2851 487 2920 viridemque
506 2854 540 2906 ab
558 2853 640 2907 humo
659 2853 811 2908 corrvellere
829 2853 924 2906 silvam

177 2923 305 2995 Conatus,
324 2928 407 2980 ramis
426 2931 548 2997 tegerem
565 2935 597 2984 nt
615 2930 806 2984 frondentibus
825 2944 893 2994 aras,
1005 2945 1028 2985 aa

177 2999 355 3056 Horrendum
375 3007 404 3058 et
423 3003 498 3060 dictu
516 3007 595 3062 video
613 3006 737 3060 mirabile
755 3009 913 3059 monstrum.

177 3077 257 3146 Nam,
275 3096 346 3150 quae
364 3080 453 3147 prima
471 3083 527 3135 solo
545 3084 633 3150 ruptis
650 3081 787 3136 radicibus
805 3079 885 3133 arbos

178 3152 306 3221 vellitur,
324 3157 386 3212 huic
404 3161 464 3210 atro
482 3157 624 3227 liquuntur
641 3155 771 3223 sanguine
788 3157 884 3222 guttae
