2154 3518
323 184 526 234 GEORGICON
548 184 618 234 LIB.
642 185 679 234 II.
907 187 935 233 51

81 261 137 318 Ilic
154 265 226 334 petit
245 265 372 320 exscidiis
391 267 487 319 urbem
505 267 676 336 miserosque
696 264 815 332 Penatis,
902 279 937 318 soa

80 341 122 396 Ut
139 359 247 409 gemma
265 343 343 396 bibat
362 347 391 397 et
411 344 527 396 Sarrano
547 342 666 396 dormiat
685 346 777 407 ostr0;

81 418 183 472 Condit
200 435 265 487 opes
284 419 360 481 aliua,
380 419 541 488 defossoque
559 419 670 473 incubat
688 435 768 482 auro;

81 493 136 547 Ilio
154 498 248 564 stupet
266 497 399 549 attonitus
418 495 540 559 ltostris;
560 496 631 549 hunc
647 496 759 566 plausus
776 495 896 549 hiantem

83 571 137 624 Per
154 589 253 626 cuneos
271 573 426 640 geminatus
444 573 516 659 Q
535 573 677 642 plebisque
695 576 862 640 patrumque

82 649 220 718 Corripuit
227 670 233 714 ;
254 649 376 717 gaudent
394 649 497 718 periusr
517 650 649 716 sanguine
667 651 791 712 fratrum,
902 664 937 702 510

82 725 238 794 Exsilioque
257 726 352 778 domos
370 729 399 779 ct
417 725 506 779 dulcia
524 725 615 778 limina
633 729 748 790 mutant,

83 804 178 870 Atque
196 802 249 856 alio
266 803 383 871 patriam
402 806 537 870 quaerunt
556 803 607 855 sub
626 802 682 855 sole
700 802 841 854 iacentem.

83 879 212 945 Agricola
229 880 340 931 incurvo
357 882 460 932 terram
479 879 593 932 dimovit
611 882 718 932 aratro:

84 953 156 1007 llinc
173 955 237 1007 anni
255 954 339 1021 labor,
357 954 419 1008 hinc
437 955 554 1022 patriam
572 971 725 1024 parvosque
744 953 857 1007 Penatis

82 1029 210 1096 Sustinet,
228 1030 291 1085 hinc
309 1035 433 1084 armenta
451 1031 533 1084 boum
552 1033 720 1099 meritosque
738 1031 874 1085 iuvencos.
896 1043 935 1083 '515

82 1106 108 1160 N
110 1124 141 1160 ec
159 1108 274 1177 requies,
294 1108 360 1177 quin
378 1112 427 1160 aut
443 1109 531 1176 pernis
550 1107 683 1162 exuberet
702 1124 796 1173 annus,

82 1186 141 1238 Aut
160 1185 372 1253 recuperarem,
391 1189 438 1237 aut
458 1184 578 1238 Cerealis
596 1185 713 1251 mergite
721 1185 818 1266 culmi,

82 1257 276 1328 Proreutuque
294 1265 390 1314 oneret
409 1260 496 1313 sulcos
514 1263 598 1328 atque
616 1261 714 1313 horrea
731 1261 826 1314 vineat.

81 1335 168 1389 Venit
186 1336 299 1403 hiemps,
319 1337 420 1389 teritur
439 1336 562 1403 Sicyonia
581 1335 647 1388 baca
665 1337 789 1404 trapetis,

82 1411 189 1465 Glande
208 1429 269 1465 sues
288 1412 353 1464 lacti
372 1411 496 1478 redeunt,
516 1411 584 1464 daut
602 1411 700 1464 arbuta
719 1411 815 1478 silvac;
899 1429 936 1470 mo

81 1487 118 1541 Ilt
136 1487 224 1540 varios
244 1488 320 1556 ponit
337 1488 410 1541 fetus
428 1489 581 1554 autumnus,
600 1490 628 1540 et
647 1487 702 1540 alte

81 1563 159 1617 Mitis
176 1564 204 1617 in
222 1564 321 1632 apricis
339 1563 465 1632 coquitur
482 1563 619 1616 vindemia
638 1564 716 1617 saxis.

82 1640 193 1694 Interea
211 1639 304 1694 dulces
323 1639 445 1710 pendent
463 1635 564 1694 circuiri
582 1641 672 1693 oscula
690 1642 754 1707 nati,

82 1716 165 1774 Casta
182 1716 340 1784 pudicitiam
359 1719 450 1770 servat
470 1716 574 1780 domus,
592 1716 677 1770 ubera
696 1734 790 1772 vaccae

81 1792 184 1845 Lactca
202 1792 360 1860 demittunt,
379 1793 546 1861 pinguesque
565 1794 592 1845 in
610 1793 734 1860 gramine
752 1794 824 1848 laeto
900 1810 935 1848 525

11 1871 70 1932 λθ
82 1868 161 1921 Inter
180 1885 209 1922 se
227 1869 349 1922 adversis
367 1869 506 1922 luctantur
523 1869 650 1922 cornibus
668 1868 756 1923 haedi.

82 1945 147 2012 Ipse
166 1945 225 1998 dies
243 1945 331 2013 agitat
349 1946 441 2009 festos,
459 1945 590 2014 fususque
609 1962 658 2013 per
675 1919 795 2014 herboni

82 2021 159 2088 Ignis
177 2021 224 2075 ubi
241 2023 269 2075 in
287 2021 379 2074 medio
398 2025 427 2074 et
446 2021 509 2074 socii
526 2026 633 2075 cratera
651 2027 789 2087 coronant,

82 2097 127 2165 Te,
145 2097 240 2165 libans,
260 2098 374 2162 Lenaee,
393 2100 479 2163 vocat,
498 2097 659 2165 pecorisque
678 2097 816 2163 magistris

81 2173 190 2226 Velocis
208 2174 288 2226 iaculi
307 2173 456 2226 certamina
473 2173 550 2238 ponit
568 2172 595 2224 in
615 2173 695 2240 ulmo,
900 2190 936 2228 sse

82 2251 256 2324 (torporeque
275 2249 376 2316 agresti
395 2247 500 2302 nudant
518 2249 653 2316 praedura
671 2249 830 2315 palaestrae.

82 2325 162 2379 Hanc
181 2326 245 2379 olim
263 2330 370 2378 veteres
389 2325 471 2378 vitam
491 2326 598 2378 coluere
618 2325 719 2393 Sabini,

83 2403 163 2456 Hanc
183 2402 284 2455 Remus
304 2406 332 2456 ct
349 2403 442 2468 frater,
462 2401 500 2454 sic
518 2401 597 2454 fortis
616 2402 727 2455 Etruria
745 2405 832 2456 crevit

82 2477 191 2532 Scilicet
208 2481 237 2532 et
254 2495 345 2532 rerum
365 2479 437 2531 facta
455 2482 498 2531 est
516 2478 699 2544 pulcherrima
719 2479 812 2546 ltoma,

82 2554 248 2624 Septemque
266 2571 320 2607 una
338 2551 485 2608 sibi‘muro
503 2554 686 2606 circumdedit
704 2571 785 2607 arces.
903 2573 938 2610 aaa

83 2631 159 2684 Ante
177 2631 261 2684 etiam
279 2635 418 2698 sceptrum
437 2630 542 2682 Dictaei
562 2631 641 2698 regis,
662 2634 771 2683 etanta

83 2707 172 2778 Impia
191 2724 274 2776 quam
291 2708 376 2761 eaesis
393 2724 460 2775 gens
479 2710 522 2759 est
541 2707 650 2775 epulata
669 2707 796 2774 iuvencis,

83 2785 192 2838 Aureus
210 2784 278 2838 hanc
295 2784 381 2838 vitam
399 2785 427 2836 in
445 2784 527 2837 terris
547 2783 683 2837 Saturnus
702 2783 812 2851 agebat:

83 2860 209 2914 Necdum
226 2861 310 2914 etiarn
329 2862 472 2914 audierant
490 2861 577 2913 inflari
597 2861 714 2928 classica,
734 2861 851 2913 necdmn

84 2935 222 3005 Inpositas
241 2939 316 2991 duris
334 2940 468 3007 crepitare
487 2938 630 2990 incudibus
649 2955 733 2991 enses.
902 2951 937 2988 ssa

118 3013 172 3067 Sed
191 3033 238 3068 nos
256 3018 408 3072 inmensum
427 3017 521 3085 spatiis
539 3016 701 3070 confecimus
719 3031 827 3084 aequor,

83 3087 119 3142 Ili
135 3091 189 3211 ὶέιη
208 3095 316 3161 tempus
335 3111 435 3162 equum
454 3093 586 3145 sinuantia
605 3093 710 3146 solvere
728 3092 802 3144 colla.
840 3097 932 3190 ἱππ
