2172 3506
392 131 577 180 AENEIDOS
595 134 662 181 LlB.
684 135 746 182 XII.
942 139 988 184 323

139 212 257 265 Nomine
275 227 355 263 avum
374 211 500 278 referens,
526 212 615 263 anime
638 213 816 279 manibusque
839 219 988 282 parentem,

140 289 191 352 Qui
210 287 355 356 quondam,
376 291 465 339 castra
483 291 515 338 ut
534 287 657 339 Danaum
676 290 827 356 speculator
845 290 942 356 adiret,

140 367 232 417 Ausus
252 363 499 430 Pelidaepretium
519 363 570 414 sibi
589 381 700 432 poscere
718 381 814 416 currus
824 385 831 426 3
953 381 988 420 353

140 440 220 493 Illum
240 439 357 507 Tydides
377 439 429 490 alio
446 458 496 508 pro
514 439 615 492 talibus
635 441 706 494 ausis

139 517 251 569 Adfecit
269 517 364 584 preti0,
384 533 434 568 acc
452 519 528 584 cquis
547 517 669 584 adspirat
687 518 808 573 Achillis.

139 592 219 645 Hunc
237 593 330 660 procrd
348 595 380 644 ut
399 609 493 660 campo
512 593 618 644 Turnus
636 595 776 662 prospexit
794 599 896 662 aperto,

138 671 212 721 Ante
231 669 283 721 levi
302 669 389 721 iaculo
408 669 517 736 longum
536 669 682 736 perinane
703 674 817 737 secutus,

138 744 216 797 Sistit
235 761 319 812 equos
336 743 436 811 biiugis
456 747 484 797 et
503 761 584 796 curru
603 745 701 810 desilit,
722 749 804 813 atquc
953 763 988 801 sss

138 820 293 891 Semianimi
311 821 441 888 lapsoque
461 821 624 888 supervenit,
644 825 673 874 et
690 822 761 889 pede
780 823 847 875 collo

138 889 271 964 lupre's's'r'r,
292 896 406 948 dextrae
425 913 580 950 mucronem
600 901 747 966 extorquet
765 903 793 951 et
810 899 865 952 alto

136 971 298 1039 Fulgentem
317 972 418 1039 tinguit
436 973 536 1039 iugulo,
557 977 641 1040 atquo
659 974 725 1027 haec
744 975 855 1042 insuper
873 976 969 1029 addit:

135 1047 185 1114 En,
204 1065 290 1116 agros,
309 1053 345 1115 ct,
365 1065 446 1116 quum
465 1049 544 1115 bella,
564 1049 685 1117 Troiane,
702 1051 805 1118 petisti,

136 1125 299 1193 Hesperiam
313 1126 411 1178 metire
423 1125 513 1177 iacens
525 1143 530 1176 :
543 1125 610 1177 haec
622 1126 751 1193 praemia,
764 1127 811 1194 qui
823 1144 867 1179 me
949 1141 985 1180 333

134 1199 220 1254 Ferro
240 1202 297 1254 ausi
316 1204 460 1268 temptare,
479 1201 588 1265 ferunt,
605 1202 643 1254 sic
661 1202 768 1255 moenia
786 1203 915 1257 condunt.

135 1277 207 1330 Huic
225 1278 351 1330 comitem
372 1276 496 1344 Asbyten
515 1277 636 1330 coniecta
655 1277 767 1344 cuspide
786 1279 881 1347 mittit,

135 1353 304 1421 Chloreaque
324 1353 501 1422 Sybarimque
519 1353 677 1420 Daretaque
697 1353 954 1423 Thersilochumque

134 1429 171 1481 Et
190 1430 322 1481 sternacis
341 1429 403 1497 equi
423 1429 528 1497 lapsum
547 1428 651 1482 cervice
671 1428 843 1496 Thymoeten.

134 1505 176 1557 Ac
194 1505 269 1557 relut
289 1505 375 1558 Edoni
395 1505 500 1558 Boreae
519 1521 580 1558 cum
599 1504 713 1573 spiritus
731 1504 786 1558 alto
948 1523 983 1561 335

134 1581 247 1632 Insonat
267 1583 385 1648 Aegaeo,
404 1581 583 1649 sequiturque
601 1579 637 1633 ad
655 1580 736 1634 litora
754 1581 871 1647 fluctus;

134 1655 192 1720 Qua
210 1657 284 1709 scuti
302 1657 457 1723 incubuere,
473 1656 568 1729 ¹fugam
587 1657 655 1710 dant
673 1657 766 1710 nubila
783 1659 871 1722 caelo;

133 1731 177 1784 Sic
195 1733 291 1800 Turne,
311 1750 480 1800 quacumque
499 1733 569 1786 viam
588 1736 668 1799 secat,
688 1735 795 1800 agmina
813 1735 915 1789 cedunt

133 1807 338 1876 Conversaeque
356 1812 439 1861 ruunt
458 1810 546 1872 acies;
564 1809 618 1863 fert
636 1810 757 1878 impetus
774 1810 871 1877 ipsum,

132 1884 168 1936 Et
186 1884 295 1936 cristam
314 1884 428 1936 adverso
447 1901 530 1937 curru
549 1885 639 1952 quatit
657 1901 724 1937 aure
742 1885 885 1938 volantem.
946 1899 982 1939 ero

131 1959 157 2010 N
159 1976 193 2011 on
211 1960 276 2012 tulit
293 1960 442 2012 instantem
462 1960 586 2028 Phegeus
605 1961 757 2028 animisque
776 1961 958 2025 frementem

131 2033 239 2088 Obiecit
257 2053 316 2088 seso
334 2035 370 2088 ad
388 2053 504 2102 currum,
524 2040 552 2089 et
571 2037 725 2104 spumantia
742 2037 826 2090 frenis

131 2109 186 2163 Ora
204 2112 350 2164 citatorum
369 2111 467 2164 dextra
485 2112 602 2165 detorsit
621 2128 763 2180 equorum.

130 2186 203 2240 Dum
221 2187 341 2240 trahitur
359 2187 516 2256 pendetque
535 2189 613 2255 iugis,
632 2188 704 2240 hune
722 2187 778 2240 lata
795 2191 931 2242 retectum

130 2263 237 2316 Lancea
254 2265 436 2331 consequitur,
455 2265 613 2331 rumpitque
632 2263 716 2316 infixa
733 2262 840 2317 bilicem
944 2279 980 2320 ³75

130 2339 260 2407 Loricam,
279 2343 307 2392 et
326 2356 461 2392 summum
479 2340 608 2406 degustat
626 2340 735 2394 soluere
754 2356 859 2408 corpus.

131 2415 182 2468 llle
198 2418 290 2468 tamen
308 2415 394 2482 clipeo
412 2414 519 2468 obiecto
537 2432 682 2469 conversus
700 2416 728 2468 in
746 2416 852 2469 hostem

130 2489 199 2557 Ibat,
218 2495 247 2552 ct
264 2491 394 2543 auxilinm
413 2491 495 2544 ducto
513 2491 791 2558 1nueronepetebat3

130 2566 198 2620 (lum
216 2569 277 2619 rota
294 2566 473 2635 praecipitem
492 2570 520 2620 et
538 2582 670 2634 procursu
689 2565 810 2618 concitus
828 2567 888 2619 axis

129 2642 234 2711 Inpulit
252 2641 421 2711 effunditque
440 2643 503 2707 solo,
523 2643 684 2710 Turnusque
702 2644 812 2694 secutus
942 2656 979 2695 333

128 2718 216 2771 Imam
234 2719 307 2770 inter
324 2719 429 2785 galeam
448 2718 546 2771 summi
564 2717 683 2770 thoracis
702 2720 730 2770 et
748 2733 809 2770 oras

127 2793 253 2847 Abstulit
270 2810 335 2846 ense
353 2798 442 2862 caput,
461 2797 643 2860 truncumque
661 2792 773 2862 reliquit
791 2808 897 2845 arenae.

161 2872 256 2938 Atque
274 2887 306 2922 ca
325 2869 390 2922 dum
409 2869 511 2937 campis
529 2869 616 2922 victor
634 2869 683 2923 dat
702 2870 799 2922 funera
818 2867 929 2936 Turnus,

127 2947 238 3000 Interea
257 2947 370 2999 Aenean
390 2945 551 2998 Mnestheus
569 2948 598 2998 et
616 2945 687 2998 fidus
707 2945 828 2998 Achates

127 3023 315 3091 Ascaniusque
334 3039 423 3076 comes
441 3021 538 3074 castris
556 3024 678 3074 statuere
696 3023 846 3086 cruentum,
941 3033 978 3073 335

125 3099 256 3153 Alternus
275 3098 354 3166 longa
372 3098 507 3150 nitentem
524 3096 638 3164 cuspide
655 3113 772 3164 gressus.

125 3174 224 3240 Saevit,
243 3177 273 3227 et
289 3175 405 3227 infracta
423 3173 542 3225 luctetur
559 3171 692 3226 arundine
711 3171 796 3226 telum
