2152 3506
370 158 552 208 AENEIDOS
570 157 639 206 LIB.
660 159 712 208 ΙΙΙ.
921 159 966 204 135

115 246 152 298 Et
169 260 269 298 conum
287 241 400 309 insignis
417 239 512 308 galeae
530 239 682 308 cristasque
701 239 839 305 comantis,

116 325 206 374 Arma
224 317 406 386 Neoptolemi,
443 316 514 370 Sunt
532 320 561 369 et
580 332 629 369 sua
647 316 719 370 dona
736 316 851 383 parenti.

115 397 209 452 Addit
226 412 318 463 equos,
337 393 470 461 additque
488 392 587 457 duees;
932 404 969 444 ao

116 473 275 541 ltcmigimn
293 471 414 539 supplet;
434 472 520 524 socios
538 435 642 524 siniul'
635 475 733 524 metim
691 471 852 524 ruitarmis

152 551 266 602 Interea
283 549 397 601 classem
415 547 483 600 velis
501 551 597 617 aptare
616 547 728 601 iubebat

117 625 260 691 Anchises,
278 625 358 677 fieret
377 628 458 677 vento
477 641 553 678 mora
570 641 605 677 nc
625 641 678 692 qua
695 624 794 678 fcrenti
787 641 801 676 1.

116 704 206 766 Quem
225 700 329 754 Phoebi
347 700 484 768 interpres
502 701 588 754 multo
607 700 751 768 compellat
769 701 883 754 honore:

116 778 258 845 Coniugia,
278 775 409 843 Anchise,
429 775 544 830 Veneris
563 776 675 844 dignate
695 777 818 846 superbe,
934 790 969 828 na

116 855 193 908 Oura
210 854 299 920 deum,
317 853 359 906 bis
378 852 534 920 Pergameis
553 858 648 921 erepte
665 854 758 920 ruinis,

116 931 189 984 Eece
207 930 258 983 tibi
278 930 416 983 Ausoniae
434 929 530 993 tellum
548 929 616 982 hane
635 929 725 998 arripe
744 931 817 984 velis.

116 1007 154 1060 Et
173 1010 267 1060 tamen
285 1006 353 1059 hane
371 1006 467 1073 pelago
485 1005 689 1073 praeterlabare
707 1023 816 1062 necesse
834 1014 890 1074 est;

117 1083 258 1137 Ausoniae
276 1099 339 1150 pars
357 1082 402 1134 illa
420 1081 521 1149 procul
541 1099 623 1149 quam
641 1082 738 1150 pandit
758 1083 862 1152 Apollo.

116 1159 206 1224 Vade,
225 1159 271 1218 ait.
257 1158 388 1228 olelis
408 1158 465 1210 nati
484 1158 596 1227 pietate.
632 1159 705 1222 Quid
723 1159 795 1213 ultra
933 1175 969 1213 aso

118 1201 301 1288 Provehor‘-
277 1235 337 1288 etl
324 1234 405 1288 laudo
423 1239 536 1301 surgent
538 1235 560 1286 is
525 1234 705 1288 tdemoror
724 1239 848 1291 austros?

117 1311 140 1364 N
146 1328 179 1364 ee
196 1310 286 1363 minus
304 1310 503 1376 Andromache,
521 1310 647 1378 digressu
665 1317 770 1364 maesta
788 1329 921 1381 supremo,

118 1387 187 1440 Fert
176 1387 355 1476 tpicturatas
373 1387 433 1439 auri
451 1352 603 1439 subtemine
621 1391 681 1440 vest
682 1403 711 1440 es

117 1463 155 1517 llt
175 1463 243 1531 Phry
232 1465 320 1531 ygiam
340 1463 458 1516 Ascanio
476 1462 654 1530 chlamydem,
673 1480 723 1517 nee
741 1464 814 1519 cedit
832 1465 932 1535 honori,

75 1546 77 1557 “
117 1541 325 1608 Textilibusque
343 1543 439 1592 onerat
427 1539 593 1606 tdonis‚ae
612 1539 678 1593 talia
696 1541 782 1594 satur:
933 1558 970 1596 aas

118 1617 222 1686 Accipe
234 1621 264 1669 et
275 1617 349 1683 haec,
362 1619 514 1669 manuumt
502 1616 553 1668 tibi
566 1631 636 1683 quae
650 1622 824 1672 monumenta
835 1636 957 1672 mearum

117 1695 187 1759 Sint,
199 1709 275 1762 puer,
288 1697 317 1744 et
329 1692 438 1759 longum
453 1691 661 1744 Andromachae
674 1697 812 1748 testentur
824 1712 952 1759 arnerem,

66 1784 67 1827 1
117 1770 248 1836 Coniugis
269 1770 428 1822 ilcetoreae.
464 1769 537 1836 Cape
555 1767 626 1842 dona
644 1774 766 1823 extrema
784 1775 900 1836 tuorum,

117 1847 142 1900 Ο
162 1846 229 1898 mihi
248 1845 305 1898 sola
322 1846 376 1898 mei
395 1861 477 1913 super
495 1847 670 1912 Astymractis
687 1846 782 1915 imago.

117 1923 165 1977 Sic
182 1922 281 1988 oculos,
299 1922 337 1974 sie
355 1921 400 1975 ille
418 1938 520 1986 manus,
539 1922 576 1974 sie
594 1939 642 1974 ora
660 1923 778 1986 ferebat;
935 1937 972 1976 see

118 2001 157 2053 Et
175 2014 245 2052 nunc
263 1997 370 2064 aequali
388 2002 479 2051 tecum
497 1997 659 2065 pubesceret
677 2015 749 2052 aevo.

119 2077 181 2130 lios
199 2091 249 2142 ego
267 2073 424 2142 digrediens
442 2073 558 2127 lacrimis
577 2073 690 2126 adfabar
708 2075 825 2130 obortis:

118 2153 213 2205 Viuite
231 2151 331 2218 felices,
351 2150 450 2219 quibus
468 2156 510 2203 est
526 2151 637 2204 fortuna
654 2157 765 2217 peraeta

120 2230 181 2283 lam
201 2244 261 2290 sua;
282 2243 330 2280 nos
348 2227 401 2279 alia
419 2244 452 2279 ex
472 2227 530 2279 aliis
548 2227 575 2280 in
594 2227 650 2280 iata
668 2243 800 2280 vocamur.

120 2305 207 2359 Vobis
225 2308 305 2372 parta
323 2304 414 2372 quies;
431 2303 535 2356 nullum
552 2304 635 2356 maris
652 2320 754 2372 aequor
771 2305 911 2368 arandum,
934 2317 970 2358 tce

120 2385 198 2437 Arva
213 2396 303 2450 neque
322 2381 461 2434 Ausoniae
480 2397 589 2448 semper
607 2381 732 2434 cedentia
751 2386 824 2434 retro

120 2458 292 2523 Quaerenda
331 2456 454 2524 Effigiem
473 2457 576 2511 Xanthi
595 2457 758 2525 Troiamque
776 2458 882 2524 videtis,

120 2535 209 2598 Quam
227 2537 336 2587 vestrae
354 2533 444 2586 fecere
461 2549 564 2596 manus,
583 2533 746 2597 melioribus,
766 2538 836 2601 epte,

122 2611 268 2678 Auspiciis,
287 2613 316 2662 et
334 2625 404 2676 quae
422 2608 506 2662 fuerit
523 2609 613 2662 minus
631 2609 709 2661 obvia
728 2609 822 2663 Graiis.

120 2687 150 2740 Si
169 2685 279 2755 quando
297 2684 425 2752 Thybrim
443 2683 585 2752 vicinaque
604 2684 750 2754 Thybridis
767 2702 831 2740 arva
936 2700 972 2739 soc

121 2764 233 2816 latrare
251 2761 382 2828 gentique
400 2777 477 2814 meas
495 2760 561 2816 data
579 2762 685 2815 moenia
704 2778 820 2826 cernam,

120 2839 258 2905 Cognatas
276 2836 360 2890 urbes
378 2837 442 2890 olim
460 2840 626 2907 populosque
645 2839 816 2907 propinquos,

120 2915 212 2982 Epire,
233 2913 375 2981 Hesperia,
395 2914 495 2981 quibus
513 2914 585 2966 idem
604 2914 749 2969 Dardanus
766 2917 861 2966 auctor

122 2994 218 3058 Atque
236 2989 310 3043 idem
329 3006 414 3057 casus,
432 3007 513 3043 unam
531 2990 660 3043 faciemus
679 2993 824 3055 utramque

121 3066 231 3121 Troiam
249 3066 360 3128 anirnis;
379 3069 487 3117 maneat
506 3069 612 3117 nostros
630 3082 663 3117 ca
681 3081 746 3117 cura
763 3067 883 3129 nepotes.
936 3081 971 3120 tot

157 3141 336 3196 Provehimur
354 3141 450 3206 pelago
468 3139 553 3190 vicina
572 3141 703 3191 Ceraunia
720 3139 804 3201 iuxta,

121 3214 204 3273 Unde
220 3217 275 3271 iter
294 3215 404 3271 ltaliam
422 3229 570 3283 cursusque
582 3211 762 3268 brevissimus
779 3210 865 3271 unalia
