2172 3506
396 138 578 186 AENEIDOS
598 139 667 189 LIB.
686 139 752 190 XII.
971 136 1014 184 337

162 222 219 276 Nec
238 220 358 289 spatium
376 219 463 272 evasit
482 223 578 285 totum,
597 235 686 286 neque
703 219 820 288 pertulit
837 219 930 273 ictum.

122 293 204 382 >llic
221 295 337 350 velutin
355 293 463 361 somnis,
483 293 573 346 oculos
591 293 639 347 ubi
656 295 787 364 languida
803 294 905 363 pressit

161 373 249 427 Nocte
268 371 353 440 quies,
371 369 537 439 nequiquam
555 369 648 422 avidos
666 372 816 425 extendere
833 387 930 424 cursus

102 473 106 480 ·
161 450 242 503 Velle
260 447 392 512 videmur,
411 449 440 498 ct
456 446 484 498 in
502 445 601 499 mediis
619 447 761 501 conatibus
780 445 853 514 aegri
978 462 1016 499 aro

162 524 346 587 Succidimus3
368 539 422 575 non
440 521 533 588 lingna
550 521 629 587 valet,
648 539 702 576 non
719 539 833 592 corpore
851 524 934 576 notae

162 601 307 655 Sufficiunt
324 599 403 664 vires,
421 613 471 650 nee
489 613 542 650 vox
559 601 608 651 aut
625 599 710 652 verba
728 602 926 684 sequuntury

163 677 208 731 Sic
226 677 324 742 Turno,
343 689 514 742 quacumque
532 673 604 727 viam
621 674 724 729 virtute
742 675 847 744 petivit,

163 753 323 806 successum
342 749 395 802 dea
412 749 473 801 dira
489 751 580 816 negat.
618 749 687 804 Tum
704 754 816 820 pectore
834 767 929 804 sensus

164 829 320 881 Vertnntur
337 825 421 889 varii;
446 825 564 878 Rutulos
581 825 725 894 adspectat
742 831 771 881 et
788 827 893 893 urbem,
980 842 1015 880 ers

167 904 369 969 Cunctaturque
386 903 470 967 metu,
488 901 629 968 telumque
647 901 749 956 instare
768 903 924 966 tremescit;

167 979 231 1048 Nec,
249 995 303 1046 quo
322 994 351 1030 se
369 976 476 1044 eripiat,
492 993 550 1042 nec,
568 993 623 1045 qua
640 978 667 1030 vi
685 978 782 1032 tendat
800 979 828 1031 in
845 978 959 1044 hostem,

166 1055 191 1108 N
194 1072 224 1108 ec
241 1069 338 1106 currus
355 1068 470 1120 usquam
489 1052 566 1107 videt
583 1054 760 1122 aurigamque
779 1070 907 1107 sororem.

166 1128 310 1184 Cunctanti
329 1129 415 1181 telum
434 1128 543 1180 Aeneas
561 1127 645 1182 fatale
663 1135 793 1194 coruscat,

167 1206 285 1260 Sortitus
301 1205 439 1257 fortunam
457 1203 548 1270 oculis,
567 1207 596 1257 et
611 1221 724 1273 corpore
742 1209 802 1259 toto
981 1219 1018 1257 sao

167 1283 279 1335 Ilminus
298 1280 445 1347 intorquet.
482 1277 583 1332 Mundi
600 1281 705 1334 concita
721 1297 869 1350 numquam

168 1359 312 1410 Tormento
331 1356 369 1408 sie
387 1354 591 1422 saxalremunt,
610 1373 659 1408 nec
676 1356 790 1409 fulmine
806 1355 878 1410 tanti

169 1433 320 1487 Dissultant
340 1430 470 1498 crepitus.
505 1431 590 1484 l'olat
607 1432 661 1484 atri
679 1431 797 1485 turbinis
815 1432 902 1485 instar

171 1509 291 1562 Exitium
309 1507 399 1561 dirum
418 1506 497 1560 hasta
513 1507 612 1574 ferens,
631 1523 746 1576 orasque
763 1505 881 1561 recludit

170 1585 280 1638 Loriese
298 1587 327 1636 61
345 1582 424 1650 clipei
441 1586 579 1636 extremos
597 1583 781 1651 septemplicis
796 1581 877 1638 erbis
897 1643 903 1651 ,
976 1597 1017 1644 ‚aas

171 1661 223 1714 l'er
240 1659 361 1712 medium
380 1658 498 1711 stridens
515 1659 615 1713 transit
633 1659 727 1712 lemur.
764 1659 866 1714 Incidit
881 1659 954 1714 ictus

170 1737 270 1803 Ingens
288 1734 325 1787 ad
342 1737 445 1788 terram
463 1733 601 1802 duplicato
620 1735 723 1802 poplite
742 1735 856 1790 Turnus.

172 1812 345 1877 Consurgunt
362 1810 468 1876 gemitu
486 1809 593 1870 Rutuli,
601 1812 730 1878 totusque
748 1810 867 1878 remugit

171 1887 251 1940 Mons
269 1885 376 1950 circum,
395 1890 424 1938 et
442 1901 536 1940 vocem
553 1885 609 1940 late
628 1903 740 1939 nemora
757 1886 813 1940 alta
830 1887 984 1940 remittunt.

171 1962 223 2016 lllc
246 1960 356 2014 humilis
383 1961 553 2030 supplexque
578 1962 670 2016 oculos
698 1961 880 2029 dextramque
906 1979 1018 2030 precan-

237 2041 295 2090 tem
980 2051 1019 2092 seo

171 2113 349 2180 Protendcns,
367 2113 503 2180 liquidem
521 2115 616 2182 merui,
634 2131 684 2168 nee
702 2115 841 2182 deprecor,
859 2112 965 2182 inquit;

170 2190 258 2244 Urere
276 2191 351 2241 sorte
369 2191 425 2241 tua.
460 2189 556 2242 Miseri
574 2196 603 2244 te
622 2192 645 2243 si
663 2207 717 2259 qua
734 2191 857 2258 parentis

170 2266 293 2333 Tangere
311 2280 375 2317 cura
392 2267 491 2332 potest,
510 2265 655 2332 oro,—fuit
668 2270 696 2320 et
713 2265 765 2318 tibi
783 2265 846 2319 talis

165 2341 306 2404 ¹Anchises
322 2339 558 2408 genitor—Dauni
575 2341 705 2396 miserere
723 2346 857 2409 senectae,

170 2418 207 2471 Et
224 2433 277 2484 me,
295 2432 344 2468 seu
361 2431 460 2482 corpus
479 2417 626 2485 spoliatum
644 2418 747 2471 lumine
764 2418 857 2485 mavis,
984 2433 1020 2471 ess

171 2493 269 2546 Redde
286 2491 361 2545 meis.
398 2491 505 2560 Vicisti,
524 2495 553 2546 et
571 2493 674 2546 victam
692 2494 806 2547 tendere
822 2493 926 2559 palmas

172 2567 286 2622 Ausonii
304 2567 413 2633 videre;
434 2570 483 2620 tua
501 2571 545 2622 est
564 2568 677 2622 Lavinia
693 2569 823 2622 coniunx:

171 2643 295 2697 Ulterius
311 2659 346 2696 ne
364 2643 448 2697 tende
467 2643 543 2697 odiis.
580 2644 665 2699 Stetit
682 2660 746 2698 acer
762 2645 790 2698 in
808 2643 892 2698 armis

172 2721 287 2786 Aeneas,
305 2719 415 2773 volvens
433 2720 530 2784 oeulos
549 2720 731 2789 dextramque
748 2720 893 2789 repressit;

171 2795 206 2848 Et
223 2796 278 2848 iam
295 2795 405 2864 iamque
422 2797 509 2864 magis
527 2800 700 2850 cunctantem
719 2796 831 2851 flectere
848 2811 937 2850 sermo
984 2811 1021 2849 ero

171 2871 313 2940 Coeperat,
331 2871 426 2924 infelix
444 2872 558 2926 humero
576 2888 637 2926 cum
655 2873 784 2942 adparuit
801 2871 857 2926 alto

170 2946 283 3001 Balteus
299 2949 328 3000 et
346 2946 419 3000 notis
436 2946 572 3002 fulserunt
589 2948 698 3016 cingula
714 2947 796 3000 bullis

171 3020 302 3076 Pallantis
319 3023 406 3092 pueri,
425 3022 527 3076 victum
545 3040 627 3092 quem
645 3023 757 3077 volnere
776 3023 883 3076 Turnus

153 3097 311 3155 ‚Straverat
329 3099 413 3166 atque
430 3097 551 3152 humeris
568 3099 707 3152 inimicum
725 3097 829 3166 insigne
846 3097 968 3166 gerebat

171 3172 229 3238 llle,
247 3173 332 3227 oculis
350 3177 495 3242 postquam
514 3174 588 3228 saevi
605 3177 781 3228 monumenta
798 3173 900 3227 doloris
979 3173 1022 3228 less

171 3249 345 3316 Exuviasque
357 3249 457 3318 hausit,
474 3250 553 3304 iuriis
571 3265 707 3316 aecensus,
726 3251 756 3303 et
773 3248 814 3304 ira
