2152 3506
117 143 163 190 156
230 97 257 150 ο
276 102 287 118 e
354 140 384 188 P.
404 139 745 190 VERGILIMARONIS

116 219 178 273 Non
196 213 272 275 licuit
290 220 402 274 thalami
420 222 562 287 expertem
580 219 639 272 sine
657 219 772 274 crimine
790 222 876 278 vitam
939 241 977 281 seo

116 297 232 365 Degere,
251 315 326 352 more
344 297 427 360 ferae,
446 295 508 348 talis
527 312 577 348 nec
596 299 712 364 tangere
730 303 824 355 curas!

115 372 178 426 Non
196 379 303 428 seruata
321 374 397 438 fides,
416 372 501 424 cineri
519 373 655 440 promisse
674 375 807 443 Sychaeo!

115 447 216 502 Tantos
234 450 281 504 illa
299 468 347 503 suo
365 448 511 515 rumpebat
530 451 642 519 pectore
661 456 781 520 questus.

151 529 260 581 Aeneas
278 529 350 581 celsa
367 527 395 578 in
412 527 505 595 puppi,
525 527 578 580 iarn
597 532 689 582 certus
707 529 798 597 eundi,

115 603 253 672 Carpebat
271 621 385 671 somnos,
404 603 487 657 rebus
505 602 561 657 iarn
579 605 634 658 rite
651 606 760 674 paratis.
936 623 975 664 ⁵⁵5

37 713 39 718 ·
116 679 187 733 Huic
206 699 235 735 se
252 681 340 734 forma
359 680 404 734 dei
422 681 500 734 voltu
521 681 664 736 redeuntis
682 683 779 736 eodem

115 755 222 810 Obtulit
240 757 267 810 in
286 758 394 826 somnis,
413 773 562 826 rursusque
581 759 621 811 ita
638 758 697 811 visa
714 775 826 813 monere
843 764 893 827 est,

62 831 72 848 ”
114 831 213 886 Omnia
231 834 367 887 Mercurio
386 833 489 901 similis,
508 849 658 902 vocemque
676 835 850 904 coloremque

114 907 151 961 Et
168 911 249 962 crinis
266 911 349 965 flavos
369 915 397 966 et
415 911 538 965 membra
556 911 656 965 decora
672 913 795 965 iuventa:

113 984 187 1038 Nate
204 986 263 1054 dea,
280 991 360 1055 potes
379 988 430 1042 hoe
449 989 500 1041 sub
519 1005 583 1042 casu
602 989 703 1042 ducere
720 1005 835 1049 somnos,
935 1006 972 1046 eoo

114 1059 178 1126 Nee„
197 1079 267 1130 quae
284 1068 313 1118 te
332 1065 432 1118 circum
451 1068 526 1119 stent
544 1064 645 1118 deinde
662 1065 790 1133 pericula,
808 1067 904 1131 cernis,

114 1136 240 1207 Demens,
257 1157 307 1194 neo
325 1141 464 1210 Zephyros
482 1141 561 1195 audis
580 1143 685 1210 spirare
703 1141 852 1195 secundos?

113 1213 166 1267 llla
184 1215 260 1269 dolos
278 1217 424 1286 dirumque
442 1218 519 1271 nefas
536 1218 565 1270 in
583 1221 695 1287 pectore
713 1222 810 1282 versut,

113 1290 197 1345 Certa
213 1294 288 1359 mori,
308 1294 437 1361 varioque
455 1295 558 1347 irarum
577 1295 692 1348 fluctuat
710 1296 794 1347 aestu.

112 1366 137 1418 N
139 1384 174 1420 on
186 1369 257 1436 fugis
269 1370 333 1423 hinc
344 1387 483 1438 praeceps,
497 1370 562 1423 dum
576 1371 757 1440 praecipitare
769 1373 908 1439 potestasl
934 1387 970 1424 ees

113 1442 173 1498 Iam
190 1462 266 1499 mare
283 1446 390 1499 turbari
409 1446 541 1513 trabibus,
561 1463 711 1515 saevasque
728 1445 835 1500 videbis

112 1519 260 1576 Conlucere
277 1522 357 1590 faces,
376 1523 431 1576 iam
449 1522 556 1577 fervere
574 1523 657 1576 litora
675 1523 798 1590 flammis,

112 1595 140 1648 Si
159 1600 187 1650 te
204 1597 246 1650 his
264 1599 390 1667 attigerit
406 1600 489 1652 terris
509 1600 620 1653 Aurora
637 1602 796 1652 morantem.

112 1672 185 1726 Heia?
201 1690 259 1742 age,
278 1692 374 1743 rumpe
393 1691 490 1729 moras.
528 1675 643 1728 Varium
662 1679 691 1728 et
709 1673 841 1728 mutabile
858 1689 969 1743 semper

111 1747 229 1804 Femina.
267 1751 312 1804 Sic
329 1751 402 1806 fatus
420 1753 494 1806 noeti
512 1769 542 1806 se
559 1751 698 1806 inmiscuit
715 1756 799 1805 atrae.
930 1766 967 1804 ero

145 1826 213 1878 Turn
232 1843 296 1880 vero
317 1830 432 1895 Aeneas,
452 1828 550 1882 subitis
571 1829 720 1882 exterritus
736 1827 849 1896 umbris,

110 1900 230 1970 Corripit
248 1921 263 1956 e
282 1920 375 1957 somno
394 1921 491 1973 corpus
510 1905 652 1973 sociosque
670 1904 783 1972 fatiget;

111 1977 278 2048 Praecipites
297 1980 415 2048 vigilate,
434 1981 492 2046 viri,
513 1984 542 2034 et
561 1980 694 2034 considite
711 1979 853 2044 transtris3

110 2053 212 2108 Solvite
230 2056 290 2110 vela
308 2057 362 2110 citi.
399 2057 474 2110 Deus
493 2057 605 2111 aethere
625 2058 723 2110 missus
740 2055 775 2108 ab
793 2055 849 2108 alto

17 2136 20 2141 '
110 2128 253 2184 Festinare
270 2133 363 2200 fugam
380 2137 524 2201 tortosque
542 2132 665 2186 incidere
684 2132 757 2184 funis
930 2145 968 2184 57⁵

110 2205 179 2258 Ecce
196 2208 297 2260 iterum
315 2209 445 2263 stimulat.
484 2209 631 2278 Sequimur
649 2212 684 2276 te,
703 2209 795 2260 sancte
813 2207 937 2270 deorum,

109 2279 239 2349 Quisquis
257 2299 293 2349 es,
311 2285 471 2355 inperloque
489 2286 590 2340 iterum
607 2301 734 2354 paremus
752 2287 870 2336 ovantes

110 2356 194 2409 Adsis
213 2375 228 2410 o
247 2358 423 2429 placidusque
440 2363 523 2428 iuves,
544 2365 573 2415 et
591 2361 683 2415 sidera
700 2360 774 2414 eaelo

109 2432 216 2486 Dextra
233 2433 312 2488 feras.
350 2435 436 2504 Dixit,
456 2438 609 2505 vaginaque
628 2437 710 2505 eripit
728 2451 819 2490 ensem

109 2507 288 2578 Fulmineum,
308 2512 459 2581 strictoque
477 2513 543 2566 ferit
561 2512 713 2567 retinacula
730 2513 809 2566 ferro.
928 2525 967 2563 ssa

111 2583 187 2637 ldem
207 2588 293 2640 omnis
312 2589 391 2642 simul
409 2589 492 2642 ardor
510 2588 601 2656 habet,
622 2591 787 2660 rapiuntque
804 2588 945 2654 ruuntque
951 2607 959 2651 ;

109 2659 202 2714 Litora
220 2662 382 2729 deseruere;
399 2665 468 2718 latet
486 2665 536 2718 sub
547 2664 687 2719 ‘classibus
705 2680 823 2734 aequor;

109 2735 212 2790 Adnisi
228 2741 358 2807 torquent
378 2757 487 2808 spumas
506 2744 535 2794 et
553 2742 661 2794 caerula
680 2745 802 2794 verrunt.
863 2795 867 2804 ,

142 2811 179 2866 Et
196 2813 250 2866 iam
267 2815 355 2882 prima
373 2833 442 2869 novo
461 2816 607 2884 spargebat
625 2817 729 2870 lumine
746 2821 835 2870 terras

107 2886 217 2941 Tithoni
236 2906 360 2943 croceum
379 2891 505 2958 linquens
526 2896 634 2946 Aurora
653 2893 749 2947 cubile.
927 2906 966 2946 eet

108 2962 247 3028 Reginae
265 2967 381 3033 speculis
398 2969 429 3018 ut
447 2967 565 3034 primum
583 2968 723 3022 albescere
740 2968 829 3022 lucem

108 3037 187 3091 Vidit
204 3042 233 3091 et
251 3041 376 3108 aequatis
393 3041 508 3094 classem
526 3043 676 3110 procedere
696 3045 769 3112 velis,

108 3109 255 3180 Litoraque
273 3119 302 3168 et
319 3133 417 3171 vacuos
435 3117 521 3171 sensit
538 3116 598 3172 sine
615 3121 720 3188 remige
736 3123 843 3189 portus,

107 3185 214 3251 Terque
232 3194 383 3259 quaterque
401 3209 482 3244 manu
500 3197 596 3261 pectus
613 3211 742 3264 percussa
760 3195 889 3250 decomm
