<?xml version="1.0" encoding="UTF-8"?>
<!DOCTYPE html PUBLIC "-//W3C//DTD XHTML 1.0 Transitional//EN"
    "http://www.w3.org/TR/xhtml1/DTD/xhtml1-transitional.dtd">
<html xmlns="http://www.w3.org/1999/xhtml" xml:lang="en" lang="en">
 <head>
  <title>
</title>
<meta http-equiv="Content-Type" content="text/html;charset=utf-8" />
  <meta name='ocr-system' content='tesseract 3.04.00' />
  <meta name='ocr-capabilities' content='ocr_page ocr_carea ocr_par ocr_line ocrx_word'/>
</head>
<body>
  <div class='ocr_page' id='page_1' title='image "./operaexrecensio03virggoog_0173.png"; bbox 0 0 2174 3502; ppageno 0'>
   <div class='ocr_carea' id='block_1_1' title="bbox 377 128 970 208">
    <p class='ocr_par' dir='ltr' id='par_1_1' title="bbox 377 128 970 208">
     <span class='ocr_line' id='line_1_1' title="bbox 377 128 970 208; baseline 0 -2"><span class='ocrx_word' id='word_1_1' title='bbox 377 158 558 206; x_wconf 78' lang='lat' dir='ltr'>Annuroos</span> <span class='ocrx_word' id='word_1_2' title='bbox 581 159 650 208; x_wconf 79' lang='lat' dir='ltr'>ms.</span> <span class='ocrx_word' id='word_1_3' title='bbox 673 159 720 206; x_wconf 80' lang='lat' dir='ltr'>w.</span> <span class='ocrx_word' id='word_1_4' title='bbox 830 128 842 151; x_wconf 93' lang='lat'>&#39;</span> <span class='ocrx_word' id='word_1_5' title='bbox 925 164 970 208; x_wconf 84' lang='lat'>159</span> 
     </span>
    </p>
   </div>
   <div class='ocr_carea' id='block_1_2' title="bbox 113 237 986 440">
    <p class='ocr_par' dir='ltr' id='par_1_2' title="bbox 113 237 986 440">
     <span class='ocr_line' id='line_1_2' title="bbox 114 237 972 310; baseline 0 -14"><span class='ocrx_word' id='word_1_6' title='bbox 114 242 263 309; x_wconf 60' lang='lat' dir='ltr'>Karthago</span> <span class='ocrx_word' id='word_1_7' title='bbox 276 245 324 293; x_wconf 78' lang='lat' dir='ltr'>out</span> <span class='ocrx_word' id='word_1_8' title='bbox 336 239 449 308; x_wconf 75' lang='lat' dir='ltr'>antiqua</span> <span class='ocrx_word' id='word_1_9' title='bbox 460 237 551 305; x_wconf 71' lang='lat' dir='ltr'>Tyros,</span> <span class='ocrx_word' id='word_1_10' title='bbox 563 237 742 310; x_wconf 85' lang='lat' dir='ltr'>flammaeque</span> <span class='ocrx_word' id='word_1_11' title='bbox 753 242 876 296; x_wconf 81' lang='lat' dir='ltr'>furentes</span> <span class='ocrx_word' id='word_1_12' title='bbox 936 255 972 296; x_wconf 78' lang='lat' dir='ltr'>mo</span> 
     </span>
     <span class='ocr_line' id='line_1_3' title="bbox 113 313 986 440; baseline -0.001 -68"><span class='ocrx_word' id='word_1_13' title='bbox 113 318 243 372; x_wconf 75' lang='lat' dir='ltr'>Culmina</span> <span class='ocrx_word' id='word_1_14' title='bbox 261 332 365 384; x_wconf 81' lang='lat' dir='ltr'>perque</span> <span class='ocrx_word' id='word_1_15' title='bbox 382 314 521 368; x_wconf 90' lang='lat' dir='ltr'>hominum</span> <span class='ocrx_word' id='word_1_16' title='bbox 538 313 681 371; x_wconf 76' lang='lat' dir='ltr'><strong>volvantur</strong></span> <span class='ocrx_word' id='word_1_17' title='bbox 698 335 803 387; x_wconf 90' lang='lat' dir='ltr'>perque</span> <span class='ocrx_word' id='word_1_18' title='bbox 821 317 986 440; x_wconf 52' lang='lat' dir='ltr'>deorum),</span> 
     </span>
    </p>
   </div>
   <div class='ocr_carea' id='block_1_3' title="bbox 4 391 810 459">
    <p class='ocr_par' dir='ltr' id='par_1_3' title="bbox 4 391 810 459">
     <span class='ocr_line' id='line_1_4' title="bbox 4 391 810 459; baseline -0.002 -11"><span class='ocrx_word' id='word_1_19' title='bbox 4 443 7 448; x_wconf 87' lang='lat'>.</span> <span class='ocrx_word' id='word_1_20' title='bbox 113 393 218 447; x_wconf 82' lang='lat' dir='ltr'><strong>Audiit</strong></span> <span class='ocrx_word' id='word_1_21' title='bbox 236 393 375 458; x_wconf 82' lang='lat' dir='ltr'>exanimis,</span> <span class='ocrx_word' id='word_1_22' title='bbox 396 391 559 459; x_wconf 87' lang='lat' dir='ltr'>trepidoque</span> <span class='ocrx_word' id='word_1_23' title='bbox 577 393 712 448; x_wconf 82' lang='lat' dir='ltr'>exterrita</span> <span class='ocrx_word' id='word_1_24' title='bbox 730 411 810 448; x_wconf 88' lang='lat' dir='ltr'>cursu</span> 
     </span>
    </p>
   </div>
   <div class='ocr_carea' id='block_1_4' title="bbox 112 467 972 2977">
    <p class='ocr_par' dir='ltr' id='par_1_4' title="bbox 112 467 972 1988">
     <span class='ocr_line' id='line_1_5' title="bbox 114 467 845 539; baseline 0 -16"><span class='ocrx_word' id='word_1_25' title='bbox 114 468 264 538; x_wconf 78' lang='lat' dir='ltr'>Unguibus</span> <span class='ocrx_word' id='word_1_26' title='bbox 282 485 330 521; x_wconf 84' lang='lat' dir='ltr'>ora</span> <span class='ocrx_word' id='word_1_27' title='bbox 349 484 425 521; x_wconf 88' lang='lat' dir='ltr'>soror</span> <span class='ocrx_word' id='word_1_28' title='bbox 442 467 554 520; x_wconf 86' lang='lat' dir='ltr'>foedans</span> <span class='ocrx_word' id='word_1_29' title='bbox 573 471 602 520; x_wconf 91' lang='lat' dir='ltr'>et</span> <span class='ocrx_word' id='word_1_30' title='bbox 618 475 731 536; x_wconf 77' lang='lat' dir='ltr'><strong>pectora</strong></span> <span class='ocrx_word' id='word_1_31' title='bbox 749 471 845 539; x_wconf 75' lang='lat' dir='ltr'>pugnis</span> 
     </span>
     <span class='ocr_line' id='line_1_6' title="bbox 114 543 861 610; baseline 0.001 -12"><span class='ocrx_word' id='word_1_32' title='bbox 114 547 169 599; x_wconf 89' lang='lat' dir='ltr'>Per</span> <span class='ocrx_word' id='word_1_33' title='bbox 187 545 296 599; x_wconf 88' lang='lat' dir='ltr'>medios</span> <span class='ocrx_word' id='word_1_34' title='bbox 314 546 377 610; x_wconf 89' lang='lat' dir='ltr'>ruit,</span> <span class='ocrx_word' id='word_1_35' title='bbox 395 561 426 597; x_wconf 86' lang='lat' dir='ltr'>ac</span> <span class='ocrx_word' id='word_1_36' title='bbox 445 543 606 598; x_wconf 88' lang='lat' dir='ltr'>morientem</span> <span class='ocrx_word' id='word_1_37' title='bbox 625 547 732 600; x_wconf 85' lang='lat' dir='ltr'>nomine</span> <span class='ocrx_word' id='word_1_38' title='bbox 749 546 861 600; x_wconf 72' lang='lat' dir='ltr'>clamet:</span> 
     </span>
     <span class='ocr_line' id='line_1_7' title="bbox 114 619 972 690; baseline 0 -13"><span class='ocrx_word' id='word_1_39' title='bbox 114 622 176 676; x_wconf 88' lang='lat' dir='ltr'>Hoc</span> <span class='ocrx_word' id='word_1_40' title='bbox 194 620 273 688; x_wconf 90' lang='lat' dir='ltr'>illud,</span> <span class='ocrx_word' id='word_1_41' title='bbox 289 637 426 688; x_wconf 82' lang='lat' dir='ltr'>germana,</span> <span class='ocrx_word' id='word_1_42' title='bbox 446 619 515 673; x_wconf 78' lang='lat' dir='ltr'>fuiti</span> <span class='ocrx_word' id='word_1_43' title='bbox 535 636 578 672; x_wconf 90' lang='lat' dir='ltr'>mo</span> <span class='ocrx_word' id='word_1_44' title='bbox 595 620 693 674; x_wconf 83' lang='lat' dir='ltr'>fraude</span> <span class='ocrx_word' id='word_1_45' title='bbox 711 623 842 690; x_wconf 84' lang='lat' dir='ltr'>petcbnsl</span> <span class='ocrx_word' id='word_1_46' title='bbox 935 637 972 677; x_wconf 79' lang='lat' dir='ltr'>ovs</span> 
     </span>
     <span class='ocr_line' id='line_1_8' title="bbox 113 696 907 767; baseline 0.001 -16"><span class='ocrx_word' id='word_1_47' title='bbox 113 698 176 752; x_wconf 91' lang='lat' dir='ltr'>Hoc</span> <span class='ocrx_word' id='word_1_48' title='bbox 195 713 279 764; x_wconf 81' lang='lat' dir='ltr'>rogus</span> <span class='ocrx_word' id='word_1_49' title='bbox 296 697 349 750; x_wconf 86' lang='lat' dir='ltr'>iste</span> <span class='ocrx_word' id='word_1_50' title='bbox 367 697 439 762; x_wconf 84' lang='lat' dir='ltr'>mihi,</span> <span class='ocrx_word' id='word_1_51' title='bbox 458 696 509 748; x_wconf 86' lang='lat' dir='ltr'>lroc</span> <span class='ocrx_word' id='word_1_52' title='bbox 526 696 603 763; x_wconf 74' lang='lat' dir='ltr'>ignes</span> <span class='ocrx_word' id='word_1_53' title='bbox 621 713 739 766; x_wconf 85' lang='lat' dir='ltr'>araeque</span> <span class='ocrx_word' id='word_1_54' title='bbox 756 697 907 767; x_wconf 75' lang='lat' dir='ltr'>parabant?</span> 
     </span>
     <span class='ocr_line' id='line_1_9' title="bbox 113 772 909 842; baseline 0.001 -15"><span class='ocrx_word' id='word_1_55' title='bbox 113 774 188 839; x_wconf 80' lang='lat' dir='ltr'>Quid</span> <span class='ocrx_word' id='word_1_56' title='bbox 207 774 326 842; x_wconf 88' lang='lat' dir='ltr'>primum</span> <span class='ocrx_word' id='word_1_57' title='bbox 345 772 457 826; x_wconf 87' lang='lat' dir='ltr'>deserta</span> <span class='ocrx_word' id='word_1_58' title='bbox 474 774 589 839; x_wconf 81' lang='lat' dir='ltr'>quereri</span> <span class='ocrx_word' id='word_1_59' title='bbox 607 775 770 828; x_wconf 76' lang='lat' dir='ltr'>comitemne</span> <span class='ocrx_word' id='word_1_60' title='bbox 790 791 909 828; x_wconf 87' lang='lat' dir='ltr'>sororem</span> 
     </span>
     <span class='ocr_line' id='line_1_10' title="bbox 113 847 890 919; baseline 0 -15"><span class='ocrx_word' id='word_1_61' title='bbox 113 850 251 919; x_wconf 71' lang='lat' dir='ltr'>Sprevisti</span> <span class='ocrx_word' id='word_1_62' title='bbox 269 849 402 902; x_wconf 82' lang='lat' dir='ltr'>moriensi</span> <span class='ocrx_word' id='word_1_63' title='bbox 439 847 542 901; x_wconf 84' lang='lat' dir='ltr'>lladem</span> <span class='ocrx_word' id='word_1_64' title='bbox 560 865 605 902; x_wconf 89' lang='lat' dir='ltr'>mo</span> <span class='ocrx_word' id='word_1_65' title='bbox 623 848 660 903; x_wconf 88' lang='lat' dir='ltr'>ud</span> <span class='ocrx_word' id='word_1_66' title='bbox 677 850 734 904; x_wconf 83' lang='lat' dir='ltr'>iata</span> <span class='ocrx_word' id='word_1_67' title='bbox 752 867 890 916; x_wconf 85' lang='lat' dir='ltr'>vocasscs;</span> 
     </span>
     <span class='ocr_line' id='line_1_11' title="bbox 116 925 935 994; baseline 0.004 -14"><span class='ocrx_word' id='word_1_68' title='bbox 116 927 197 980; x_wconf 83' lang='lat' dir='ltr'>idem</span> <span class='ocrx_word' id='word_1_69' title='bbox 216 925 310 979; x_wconf 86' lang='lat' dir='ltr'>ambas</span> <span class='ocrx_word' id='word_1_70' title='bbox 327 926 399 978; x_wconf 80' lang='lat' dir='ltr'>ferro</span> <span class='ocrx_word' id='word_1_71' title='bbox 418 925 502 992; x_wconf 86' lang='lat' dir='ltr'>dolor,</span> <span class='ocrx_word' id='word_1_72' title='bbox 520 930 605 994; x_wconf 86' lang='lat' dir='ltr'>atque</span> <span class='ocrx_word' id='word_1_73' title='bbox 622 927 719 982; x_wconf 71' lang='lat' dir='ltr'>eedem</span> <span class='ocrx_word' id='word_1_74' title='bbox 737 927 804 981; x_wconf 87' lang='lat' dir='ltr'>horo</span> <span class='ocrx_word' id='word_1_75' title='bbox 821 927 935 983; x_wconf 87' lang='lat' dir='ltr'>tulisset.</span> 
     </span>
     <span class='ocr_line' id='line_1_12' title="bbox 114 1002 971 1073; baseline 0.006 -18"><span class='ocrx_word' id='word_1_76' title='bbox 114 1004 167 1056; x_wconf 90' lang='lat' dir='ltr'>llis</span> <span class='ocrx_word' id='word_1_77' title='bbox 187 1003 272 1056; x_wconf 83' lang='lat' dir='ltr'>etiarn</span> <span class='ocrx_word' id='word_1_78' title='bbox 290 1004 378 1056; x_wconf 85' lang='lat' dir='ltr'>struxi</span> <span class='ocrx_word' id='word_1_79' title='bbox 396 1002 526 1070; x_wconf 84' lang='lat' dir='ltr'>manibus,</span> <span class='ocrx_word' id='word_1_80' title='bbox 544 1004 701 1073; x_wconf 87' lang='lat' dir='ltr'>patriosque</span> <span class='ocrx_word' id='word_1_81' title='bbox 719 1006 810 1059; x_wconf 81' lang='lat' dir='ltr'>vocavi</span> <span class='ocrx_word' id='word_1_82' title='bbox 934 1021 971 1060; x_wconf 70' lang='lat' dir='ltr'>oeo</span> 
     </span>
     <span class='ocr_line' id='line_1_13' title="bbox 113 1079 832 1149; baseline 0.007 -18"><span class='ocrx_word' id='word_1_83' title='bbox 113 1079 191 1133; x_wconf 84' lang='lat' dir='ltr'>Voce</span> <span class='ocrx_word' id='word_1_84' title='bbox 209 1079 284 1146; x_wconf 81' lang='lat' dir='ltr'>deos,</span> <span class='ocrx_word' id='word_1_85' title='bbox 302 1080 339 1134; x_wconf 89' lang='lat' dir='ltr'>sie</span> <span class='ocrx_word' id='word_1_86' title='bbox 356 1084 385 1134; x_wconf 89' lang='lat' dir='ltr'>to</span> <span class='ocrx_word' id='word_1_87' title='bbox 402 1083 434 1132; x_wconf 92' lang='lat' dir='ltr'>ut</span> <span class='ocrx_word' id='word_1_88' title='bbox 451 1080 539 1149; x_wconf 88' lang='lat' dir='ltr'>posita</span> <span class='ocrx_word' id='word_1_89' title='bbox 556 1079 673 1135; x_wconf 85' lang='lat' dir='ltr'>crudelis</span> <span class='ocrx_word' id='word_1_90' title='bbox 690 1081 832 1136; x_wconf 88' lang='lat' dir='ltr'>abesseml</span> 
     </span>
     <span class='ocr_line' id='line_1_14' title="bbox 116 1156 893 1228; baseline 0.005 -20"><span class='ocrx_word' id='word_1_91' title='bbox 116 1156 256 1210; x_wconf 71' lang='lat' dir='ltr'><strong>Exstinxti</strong></span> <span class='ocrx_word' id='word_1_92' title='bbox 274 1161 303 1209; x_wconf 89' lang='lat' dir='ltr'>to</span> <span class='ocrx_word' id='word_1_93' title='bbox 321 1173 427 1225; x_wconf 90' lang='lat' dir='ltr'>meque,</span> <span class='ocrx_word' id='word_1_94' title='bbox 445 1172 528 1223; x_wconf 86' lang='lat' dir='ltr'>soror,</span> <span class='ocrx_word' id='word_1_95' title='bbox 546 1157 730 1226; x_wconf 84' lang='lat' dir='ltr'>populumque</span> <span class='ocrx_word' id='word_1_96' title='bbox 748 1163 893 1228; x_wconf 87' lang='lat' dir='ltr'>putresque</span> 
     </span>
     <span class='ocr_line' id='line_1_15' title="bbox 113 1231 883 1302; baseline 0 -17"><span class='ocrx_word' id='word_1_97' title='bbox 113 1232 242 1286; x_wconf 81' lang='lat' dir='ltr'>Sidonios</span> <span class='ocrx_word' id='word_1_98' title='bbox 259 1231 409 1299; x_wconf 81' lang='lat' dir='ltr'>urbemque</span> <span class='ocrx_word' id='word_1_99' title='bbox 427 1238 509 1286; x_wconf 86' lang='lat' dir='ltr'>tuam.</span> <span class='ocrx_word' id='word_1_100' title='bbox 547 1234 619 1286; x_wconf 88' lang='lat' dir='ltr'>Dato</span> <span class='ocrx_word' id='word_1_101' title='bbox 636 1233 745 1287; x_wconf 79' lang='lat' dir='ltr'>volnera</span> <span class='ocrx_word' id='word_1_102' title='bbox 762 1233 883 1302; x_wconf 81' lang='lat' dir='ltr'>lymphis,</span> 
     </span>
     <span class='ocr_line' id='line_1_16' title="bbox 114 1308 895 1378; baseline 0.003 -18"><span class='ocrx_word' id='word_1_103' title='bbox 114 1308 244 1374; x_wconf 88' lang='lat' dir='ltr'>Abluam,</span> <span class='ocrx_word' id='word_1_104' title='bbox 262 1313 298 1376; x_wconf 88' lang='lat' dir='ltr'>ct,</span> <span class='ocrx_word' id='word_1_105' title='bbox 317 1313 455 1362; x_wconf 83' lang='lat' dir='ltr'>extremus</span> <span class='ocrx_word' id='word_1_106' title='bbox 473 1309 496 1362; x_wconf 90' lang='lat' dir='ltr'>si</span> <span class='ocrx_word' id='word_1_107' title='bbox 515 1309 575 1378; x_wconf 91' lang='lat' dir='ltr'>quis</span> <span class='ocrx_word' id='word_1_108' title='bbox 595 1325 677 1377; x_wconf 89' lang='lat' dir='ltr'>super</span> <span class='ocrx_word' id='word_1_109' title='bbox 694 1309 795 1364; x_wconf 86' lang='lat' dir='ltr'>holitus</span> <span class='ocrx_word' id='word_1_110' title='bbox 813 1313 895 1375; x_wconf 85' lang='lat' dir='ltr'>errat,</span> 
     </span>
     <span class='ocr_line' id='line_1_17' title="bbox 113 1385 970 1453; baseline 0.004 -18"><span class='ocrx_word' id='word_1_111' title='bbox 113 1387 171 1438; x_wconf 76' lang='lat' dir='ltr'>(ire</span> <span class='ocrx_word' id='word_1_112' title='bbox 190 1385 286 1453; x_wconf 82' lang='lat' dir='ltr'>legam.</span> <span class='ocrx_word' id='word_1_113' title='bbox 322 1385 366 1439; x_wconf 83' lang='lat' dir='ltr'>Sic</span> <span class='ocrx_word' id='word_1_114' title='bbox 383 1386 441 1438; x_wconf 86' lang='lat' dir='ltr'>fata</span> <span class='ocrx_word' id='word_1_115' title='bbox 458 1385 560 1453; x_wconf 83' lang='lat' dir='ltr'>gradus</span> <span class='ocrx_word' id='word_1_116' title='bbox 578 1389 702 1440; x_wconf 81' lang='lat' dir='ltr'>evaserat</span> <span class='ocrx_word' id='word_1_117' title='bbox 720 1385 798 1449; x_wconf 91' lang='lat' dir='ltr'>altos,</span> <span class='ocrx_word' id='word_1_118' title='bbox 933 1402 970 1438; x_wconf 76' lang='lat' dir='ltr'>usu</span> 
     </span>
     <span class='ocr_line' id='line_1_18' title="bbox 113 1461 887 1530; baseline 0.001 -17"><span class='ocrx_word' id='word_1_119' title='bbox 113 1462 363 1529; x_wconf 79' lang='lat' dir='ltr'>Senniunimeruque</span> <span class='ocrx_word' id='word_1_120' title='bbox 382 1462 441 1514; x_wconf 91' lang='lat' dir='ltr'>sinu</span> <span class='ocrx_word' id='word_1_121' title='bbox 458 1479 616 1530; x_wconf 79' lang='lat' dir='ltr'>gemnauam</span> <span class='ocrx_word' id='word_1_122' title='bbox 633 1461 758 1529; x_wconf 82' lang='lat' dir='ltr'>amplexu</span> <span class='ocrx_word' id='word_1_123' title='bbox 776 1461 887 1514; x_wconf 84' lang='lat' dir='ltr'>fovebat</span> 
     </span>
     <span class='ocr_line' id='line_1_19' title="bbox 114 1537 877 1605; baseline 0 -15"><span class='ocrx_word' id='word_1_124' title='bbox 114 1538 185 1590; x_wconf 76' lang='lat' dir='ltr'>(lum</span> <span class='ocrx_word' id='word_1_125' title='bbox 203 1537 316 1605; x_wconf 87' lang='lat' dir='ltr'>gemitu,</span> <span class='ocrx_word' id='word_1_126' title='bbox 335 1540 418 1605; x_wconf 81' lang='lat' dir='ltr'>etque</span> <span class='ocrx_word' id='word_1_127' title='bbox 436 1542 511 1592; x_wconf 88' lang='lat' dir='ltr'>atros</span> <span class='ocrx_word' id='word_1_128' title='bbox 530 1537 650 1592; x_wconf 78' lang='lat' dir='ltr'>siccabat</span> <span class='ocrx_word' id='word_1_129' title='bbox 667 1541 743 1591; x_wconf 89' lang='lat' dir='ltr'>vesto</span> <span class='ocrx_word' id='word_1_130' title='bbox 760 1553 877 1592; x_wconf 84' lang='lat' dir='ltr'>cruores.</span> 
     </span>
     <span class='ocr_line' id='line_1_20' title="bbox 116 1613 775 1681; baseline 0 -15"><span class='ocrx_word' id='word_1_131' title='bbox 116 1613 176 1679; x_wconf 88' lang='lat' dir='ltr'>llla,</span> <span class='ocrx_word' id='word_1_132' title='bbox 193 1613 285 1681; x_wconf 83' lang='lat' dir='ltr'>gravis</span> <span class='ocrx_word' id='word_1_133' title='bbox 303 1613 393 1668; x_wconf 88' lang='lat' dir='ltr'>oculos</span> <span class='ocrx_word' id='word_1_134' title='bbox 412 1618 508 1667; x_wconf 86' lang='lat' dir='ltr'>conatu</span> <span class='ocrx_word' id='word_1_135' title='bbox 526 1613 660 1680; x_wconf 83' lang='lat' dir='ltr'>attollere,</span> <span class='ocrx_word' id='word_1_136' title='bbox 680 1630 775 1667; x_wconf 87' lang='lat' dir='ltr'>rursus</span> 
     </span>
     <span class='ocr_line' id='line_1_21' title="bbox 116 1689 792 1758; baseline 0.001 -17"><span class='ocrx_word' id='word_1_137' title='bbox 116 1689 232 1754; x_wconf 76' lang='lat' dir='ltr'>Deficit,</span> <span class='ocrx_word' id='word_1_138' title='bbox 249 1690 361 1742; x_wconf 84' lang='lat' dir='ltr'>infixum</span> <span class='ocrx_word' id='word_1_139' title='bbox 380 1689 474 1744; x_wconf 81' lang='lat' dir='ltr'><strong>stridit</strong></span> <span class='ocrx_word' id='word_1_140' title='bbox 492 1689 542 1743; x_wconf 90' lang='lat' dir='ltr'>sub</span> <span class='ocrx_word' id='word_1_141' title='bbox 560 1694 672 1758; x_wconf 83' lang='lat' dir='ltr'>pectore</span> <span class='ocrx_word' id='word_1_142' title='bbox 690 1689 792 1744; x_wconf 81' lang='lat' dir='ltr'>volnus.</span> 
     </span>
     <span class='ocr_line' id='line_1_22' title="bbox 113 1766 972 1834; baseline 0.003 -17"><span class='ocrx_word' id='word_1_143' title='bbox 113 1766 169 1819; x_wconf 83' lang='lat' dir='ltr'>&#39;l&#39;er</span> <span class='ocrx_word' id='word_1_144' title='bbox 187 1781 248 1819; x_wconf 87' lang='lat' dir='ltr'>seso</span> <span class='ocrx_word' id='word_1_145' title='bbox 266 1767 393 1819; x_wconf 85' lang='lat' dir='ltr'>attollens</span> <span class='ocrx_word' id='word_1_146' title='bbox 412 1766 559 1834; x_wconf 87' lang='lat' dir='ltr'>cubitoque</span> <span class='ocrx_word' id='word_1_147' title='bbox 577 1767 677 1820; x_wconf 86' lang='lat' dir='ltr'>adnixa</span> <span class='ocrx_word' id='word_1_148' title='bbox 695 1767 808 1829; x_wconf 80' lang='lat' dir='ltr'>levavit3</span> <span class='ocrx_word' id='word_1_149' title='bbox 934 1780 972 1820; x_wconf 78' lang='lat' dir='ltr'>mo</span> 
     </span>
     <span class='ocr_line' id='line_1_23' title="bbox 112 1841 861 1912; baseline 0.003 -19"><span class='ocrx_word' id='word_1_150' title='bbox 112 1842 168 1894; x_wconf 76' lang='lat' dir='ltr'>&#39;l&#39;er</span> <span class='ocrx_word' id='word_1_151' title='bbox 185 1841 311 1895; x_wconf 85' lang='lat' dir='ltr'>revoluta</span> <span class='ocrx_word' id='word_1_152' title='bbox 327 1845 389 1896; x_wconf 89' lang='lat' dir='ltr'>toro</span> <span class='ocrx_word' id='word_1_153' title='bbox 407 1847 457 1910; x_wconf 88' lang='lat' dir='ltr'>est,</span> <span class='ocrx_word' id='word_1_154' title='bbox 476 1843 613 1912; x_wconf 87' lang='lat' dir='ltr'>oculisque</span> <span class='ocrx_word' id='word_1_155' title='bbox 633 1843 788 1897; x_wconf 88' lang='lat' dir='ltr'>errantibus</span> <span class='ocrx_word' id='word_1_156' title='bbox 806 1842 861 1896; x_wconf 83' lang='lat' dir='ltr'>elio</span> 
     </span>
     <span class='ocr_line' id='line_1_24' title="bbox 113 1917 803 1988; baseline 0.004 -19"><span class='ocrx_word' id='word_1_157' title='bbox 113 1917 255 1981; x_wconf 72' lang='lat' dir='ltr'>Quaesivit</span> <span class='ocrx_word' id='word_1_158' title='bbox 273 1917 347 1971; x_wconf 84' lang='lat' dir='ltr'>cnelo</span> <span class='ocrx_word' id='word_1_159' title='bbox 365 1919 461 1984; x_wconf 89' lang='lat' dir='ltr'>lucem,</span> <span class='ocrx_word' id='word_1_160' title='bbox 480 1919 669 1988; x_wconf 84' lang='lat' dir='ltr'>ingemuitque</span> <span class='ocrx_word' id='word_1_161' title='bbox 686 1923 803 1988; x_wconf 83' lang='lat' dir='ltr'>reperto.</span> 
     </span>
    </p>

    <p class='ocr_par' dir='ltr' id='par_1_5' title="bbox 112 1993 969 2977">
     <span class='ocr_line' id='line_1_25' title="bbox 148 1993 916 2064; baseline 0.003 -19"><span class='ocrx_word' id='word_1_162' title='bbox 148 1993 219 2046; x_wconf 81' lang='lat' dir='ltr'>&#39;l&#39;um</span> <span class='ocrx_word' id='word_1_163' title='bbox 240 1994 307 2046; x_wconf 91' lang='lat' dir='ltr'>luno</span> <span class='ocrx_word' id='word_1_164' title='bbox 325 1995 503 2064; x_wconf 87' lang='lat' dir='ltr'>omnipotens,</span> <span class='ocrx_word' id='word_1_165' title='bbox 520 1996 631 2064; x_wconf 86' lang='lat' dir='ltr'>longum</span> <span class='ocrx_word' id='word_1_166' title='bbox 648 1997 777 2050; x_wconf 83' lang='lat' dir='ltr'>miserata</span> <span class='ocrx_word' id='word_1_167' title='bbox 795 1995 916 2048; x_wconf 89' lang='lat' dir='ltr'>dolorem</span> 
     </span>
     <span class='ocr_line' id='line_1_26' title="bbox 113 2069 767 2142; baseline 0.005 -20"><span class='ocrx_word' id='word_1_168' title='bbox 113 2069 292 2138; x_wconf 84' lang='lat' dir='ltr'>Difficilisquc</span> <span class='ocrx_word' id='word_1_169' title='bbox 311 2071 410 2139; x_wconf 85' lang='lat' dir='ltr'>obitus,</span> <span class='ocrx_word' id='word_1_170' title='bbox 429 2072 496 2125; x_wconf 89' lang='lat' dir='ltr'>Irim</span> <span class='ocrx_word' id='word_1_171' title='bbox 516 2071 626 2126; x_wconf 80' lang='lat' dir='ltr'>demisit</span> <span class='ocrx_word' id='word_1_172' title='bbox 645 2071 767 2142; x_wconf 79' lang='lat' dir='ltr'>Olympo,</span> 
     </span>
     <span class='ocr_line' id='line_1_27' title="bbox 113 2145 969 2217; baseline 0.006 -20"><span class='ocrx_word' id='word_1_173' title='bbox 113 2145 191 2208; x_wconf 81' lang='lat' dir='ltr'>Quae</span> <span class='ocrx_word' id='word_1_174' title='bbox 203 2145 353 2199; x_wconf 80' lang='lat' dir='ltr'>luctantem</span> <span class='ocrx_word' id='word_1_175' title='bbox 365 2147 483 2201; x_wconf 87' lang='lat' dir='ltr'>animam</span> <span class='ocrx_word' id='word_1_176' title='bbox 495 2163 635 2217; x_wconf 83' lang='lat' dir='ltr'>nexosque</span> <span class='ocrx_word' id='word_1_177' title='bbox 648 2148 798 2202; x_wconf 84' lang='lat' dir='ltr'>resolveret</span> <span class='ocrx_word' id='word_1_178' title='bbox 810 2151 893 2202; x_wconf 87' lang='lat' dir='ltr'>artus.</span> <span class='ocrx_word' id='word_1_179' title='bbox 931 2163 969 2202; x_wconf 83' lang='lat' dir='ltr'>ooo</span> 
     </span>
     <span class='ocr_line' id='line_1_28' title="bbox 112 2218 841 2294; baseline 0.007 -21"><span class='ocrx_word' id='word_1_180' title='bbox 112 2221 138 2274; x_wconf 87' lang='lat' dir='ltr'>N</span> <span class='ocrx_word' id='word_1_181' title='bbox 140 2237 186 2274; x_wconf 83' lang='lat' dir='ltr'>am</span> <span class='ocrx_word' id='word_1_182' title='bbox 205 2223 269 2290; x_wconf 83' lang='lat' dir='ltr'>quie</span> <span class='ocrx_word' id='word_1_183' title='bbox 286 2239 336 2276; x_wconf 90' lang='lat' dir='ltr'>nce</span> <span class='ocrx_word' id='word_1_184' title='bbox 353 2224 418 2290; x_wconf 84' lang='lat' dir='ltr'>lato,</span> <span class='ocrx_word' id='word_1_185' title='bbox 436 2218 536 2279; x_wconf 83' lang='lat' dir='ltr'>merita</span> <span class='ocrx_word' id='word_1_186' title='bbox 553 2241 603 2278; x_wconf 88' lang='lat' dir='ltr'>nec</span> <span class='ocrx_word' id='word_1_187' title='bbox 620 2228 708 2278; x_wconf 88' lang='lat' dir='ltr'>morte</span> <span class='ocrx_word' id='word_1_188' title='bbox 725 2223 841 2294; x_wconf 86' lang='lat' dir='ltr'>peribat,</span> 
     </span>
     <span class='ocr_line' id='line_1_29' title="bbox 112 2297 881 2370; baseline 0.007 -20"><span class='ocrx_word' id='word_1_189' title='bbox 112 2297 170 2351; x_wconf 79' lang='lat' dir='ltr'>Sed</span> <span class='ocrx_word' id='word_1_190' title='bbox 188 2299 288 2352; x_wconf 85' lang='lat' dir='ltr'>misere</span> <span class='ocrx_word' id='word_1_191' title='bbox 306 2301 469 2368; x_wconf 87' lang='lat' dir='ltr'>antediem,</span> <span class='ocrx_word' id='word_1_192' title='bbox 487 2301 634 2369; x_wconf 88' lang='lat' dir='ltr'>subitoque</span> <span class='ocrx_word' id='word_1_193' title='bbox 652 2317 765 2355; x_wconf 87' lang='lat' dir='ltr'>accensa</span> <span class='ocrx_word' id='word_1_194' title='bbox 782 2301 881 2370; x_wconf 82' lang='lat' dir='ltr'>lurore,</span> 
     </span>
     <span class='ocr_line' id='line_1_30' title="bbox 113 2373 835 2446; baseline 0.008 -20"><span class='ocrx_word' id='word_1_195' title='bbox 113 2373 244 2427; x_wconf 79' lang='lat' dir='ltr'>Nondum</span> <span class='ocrx_word' id='word_1_196' title='bbox 262 2374 300 2428; x_wconf 90' lang='lat' dir='ltr'>illi</span> <span class='ocrx_word' id='word_1_197' title='bbox 318 2374 417 2428; x_wconf 86' lang='lat' dir='ltr'>flavum</span> <span class='ocrx_word' id='word_1_198' title='bbox 436 2377 598 2446; x_wconf 84' lang='lat' dir='ltr'>Proserpina</span> <span class='ocrx_word' id='word_1_199' title='bbox 614 2379 717 2431; x_wconf 86' lang='lat' dir='ltr'>vertice</span> <span class='ocrx_word' id='word_1_200' title='bbox 734 2377 835 2432; x_wconf 89' lang='lat' dir='ltr'>crinem</span> 
     </span>
     <span class='ocr_line' id='line_1_31' title="bbox 115 2450 846 2522; baseline 0.007 -20"><span class='ocrx_word' id='word_1_201' title='bbox 115 2450 288 2518; x_wconf 70' lang='lat' dir='ltr'>Abstulerat,</span> <span class='ocrx_word' id='word_1_202' title='bbox 307 2451 455 2521; x_wconf 78' lang='lat' dir='ltr'>Stygioque</span> <span class='ocrx_word' id='word_1_203' title='bbox 472 2456 554 2522; x_wconf 87' lang='lat' dir='ltr'>eaput</span> <span class='ocrx_word' id='word_1_204' title='bbox 572 2453 750 2508; x_wconf 86' lang='lat' dir='ltr'>damnaverat</span> <span class='ocrx_word' id='word_1_205' title='bbox 768 2455 846 2508; x_wconf 90' lang='lat' dir='ltr'>Orco.</span> 
     </span>
     <span class='ocr_line' id='line_1_32' title="bbox 116 2526 968 2598; baseline 0.009 -20"><span class='ocrx_word' id='word_1_206' title='bbox 116 2526 190 2593; x_wconf 80' lang='lat' dir='ltr'>Ergo</span> <span class='ocrx_word' id='word_1_207' title='bbox 208 2527 262 2580; x_wconf 89' lang='lat' dir='ltr'>lris</span> <span class='ocrx_word' id='word_1_208' title='bbox 280 2529 382 2582; x_wconf 85' lang='lat' dir='ltr'>croceis</span> <span class='ocrx_word' id='word_1_209' title='bbox 399 2545 449 2597; x_wconf 87' lang='lat' dir='ltr'>per·</span> <span class='ocrx_word' id='word_1_210' title='bbox 465 2529 569 2582; x_wconf 85' lang='lat' dir='ltr'>caelum</span> <span class='ocrx_word' id='word_1_211' title='bbox 588 2529 695 2582; x_wconf 89' lang='lat' dir='ltr'>roscida</span> <span class='ocrx_word' id='word_1_212' title='bbox 712 2531 819 2598; x_wconf 86' lang='lat' dir='ltr'>pennis,</span> <span class='ocrx_word' id='word_1_213' title='bbox 932 2546 968 2586; x_wconf 78' lang='lat' dir='ltr'>roc</span> 
     </span>
     <span class='ocr_line' id='line_1_33' title="bbox 114 2602 767 2671; baseline 0.008 -17"><span class='ocrx_word' id='word_1_214' title='bbox 114 2602 192 2655; x_wconf 87' lang='lat' dir='ltr'>Mille</span> <span class='ocrx_word' id='word_1_215' title='bbox 208 2603 320 2656; x_wconf 88' lang='lat' dir='ltr'>trahens</span> <span class='ocrx_word' id='word_1_216' title='bbox 338 2604 427 2656; x_wconf 88' lang='lat' dir='ltr'>varios</span> <span class='ocrx_word' id='word_1_217' title='bbox 444 2605 560 2658; x_wconf 86' lang='lat' dir='ltr'>adverso</span> <span class='ocrx_word' id='word_1_218' title='bbox 579 2605 635 2659; x_wconf 89' lang='lat' dir='ltr'>sole</span> <span class='ocrx_word' id='word_1_219' title='bbox 653 2605 767 2671; x_wconf 89' lang='lat' dir='ltr'>colores,</span> 
     </span>
     <span class='ocr_line' id='line_1_34' title="bbox 114 2678 874 2750; baseline 0.005 -20"><span class='ocrx_word' id='word_1_220' title='bbox 114 2678 238 2746; x_wconf 87' lang='lat' dir='ltr'>Dovolat,</span> <span class='ocrx_word' id='word_1_221' title='bbox 257 2684 286 2732; x_wconf 90' lang='lat' dir='ltr'>et</span> <span class='ocrx_word' id='word_1_222' title='bbox 304 2696 385 2747; x_wconf 86' lang='lat' dir='ltr'>supro</span> <span class='ocrx_word' id='word_1_223' title='bbox 403 2684 486 2749; x_wconf 90' lang='lat' dir='ltr'>caput</span> <span class='ocrx_word' id='word_1_224' title='bbox 503 2680 625 2735; x_wconf 82' lang='lat' dir='ltr'>adstitit:</span> <span class='ocrx_word' id='word_1_225' title='bbox 646 2682 728 2734; x_wconf 87' lang='lat' dir='ltr'>Hunc</span> <span class='ocrx_word' id='word_1_226' title='bbox 746 2697 796 2750; x_wconf 84' lang='lat' dir='ltr'>ego</span> <span class='ocrx_word' id='word_1_227' title='bbox 816 2682 874 2735; x_wconf 90' lang='lat' dir='ltr'>Diti</span> 
     </span>
     <span class='ocr_line' id='line_1_35' title="bbox 113 2754 806 2826; baseline 0.007 -20"><span class='ocrx_word' id='word_1_228' title='bbox 113 2754 228 2807; x_wconf 85' lang='lat' dir='ltr'>Sacrum</span> <span class='ocrx_word' id='word_1_229' title='bbox 246 2755 319 2808; x_wconf 84' lang='lat' dir='ltr'>iussa</span> <span class='ocrx_word' id='word_1_230' title='bbox 335 2756 402 2822; x_wconf 82' lang='lat' dir='ltr'>lero,</span> <span class='ocrx_word' id='word_1_231' title='bbox 421 2759 504 2826; x_wconf 85' lang='lat' dir='ltr'>teque</span> <span class='ocrx_word' id='word_1_232' title='bbox 522 2757 577 2810; x_wconf 90' lang='lat' dir='ltr'>isto</span> <span class='ocrx_word' id='word_1_233' title='bbox 594 2773 708 2826; x_wconf 89' lang='lat' dir='ltr'>corpore</span> <span class='ocrx_word' id='word_1_234' title='bbox 726 2758 806 2812; x_wconf 78' lang='lat' dir='ltr'>solvo,</span> 
     </span>
     <span class='ocr_line' id='line_1_36' title="bbox 113 2830 835 2897; baseline 0.007 -15"><span class='ocrx_word' id='word_1_235' title='bbox 113 2830 158 2883; x_wconf 82' lang='lat' dir='ltr'>Sic</span> <span class='ocrx_word' id='word_1_236' title='bbox 176 2830 222 2897; x_wconf 88' lang='lat' dir='ltr'>ait,</span> <span class='ocrx_word' id='word_1_237' title='bbox 240 2834 270 2884; x_wconf 94' lang='lat' dir='ltr'>et</span> <span class='ocrx_word' id='word_1_238' title='bbox 287 2830 388 2884; x_wconf 85' lang='lat' dir='ltr'>dextra</span> <span class='ocrx_word' id='word_1_239' title='bbox 405 2833 506 2886; x_wconf 87' lang='lat' dir='ltr'>crinem</span> <span class='ocrx_word' id='word_1_240' title='bbox 525 2835 612 2888; x_wconf 86' lang='lat' dir='ltr'>secat:</span> <span class='ocrx_word' id='word_1_241' title='bbox 630 2833 717 2888; x_wconf 88' lang='lat' dir='ltr'>omnis</span> <span class='ocrx_word' id='word_1_242' title='bbox 735 2838 764 2887; x_wconf 88' lang='lat' dir='ltr'>et</span> <span class='ocrx_word' id='word_1_243' title='bbox 782 2851 835 2887; x_wconf 88' lang='lat' dir='ltr'>una</span> 
     </span>
     <span class='ocr_line' id='line_1_37' title="bbox 113 2904 967 2977; baseline 0.008 -19"><span class='ocrx_word' id='word_1_244' title='bbox 113 2904 242 2974; x_wconf 86' lang='lat' dir='ltr'>Dilapsus</span> <span class='ocrx_word' id='word_1_245' title='bbox 261 2906 341 2973; x_wconf 82' lang='lat' dir='ltr'>calor,</span> <span class='ocrx_word' id='word_1_246' title='bbox 360 2909 443 2977; x_wconf 84' lang='lat' dir='ltr'>atque</span> <span class='ocrx_word' id='word_1_247' title='bbox 460 2909 489 2961; x_wconf 91' lang='lat' dir='ltr'>in</span> <span class='ocrx_word' id='word_1_248' title='bbox 507 2912 604 2963; x_wconf 89' lang='lat' dir='ltr'>ventos</span> <span class='ocrx_word' id='word_1_249' title='bbox 621 2909 679 2963; x_wconf 87' lang='lat' dir='ltr'>vita</span> <span class='ocrx_word' id='word_1_250' title='bbox 696 2910 816 2964; x_wconf 87' lang='lat' dir='ltr'>recessit.</span> <span class='ocrx_word' id='word_1_251' title='bbox 931 2921 967 2965; x_wconf 79' lang='lat' dir='ltr'>ros</span> 
     </span>
    </p>
   </div>
   <div class='ocr_carea' id='block_1_5' title="bbox 0 0 1092 3502">
    <p class='ocr_par' dir='ltr' id='par_1_6' title="bbox 0 0 1092 3502">
     <span class='ocr_line' id='line_1_38' title="bbox 0 0 1092 3502; baseline 0 0"><span class='ocrx_word' id='word_1_252' title='bbox 0 0 1092 3502; x_wconf 95' lang='lat' dir='ltr'> </span> 
     </span>
    </p>
   </div>
  </div>
 </body>
</html>
