2172 3506
130 169 175 214 304
332 164 361 212 P.
381 159 533 210 VERGILI
549 159 715 209 MARONIS

129 245 280 316 spumabat
297 244 379 314 ripis;
396 246 490 298 tantus
508 259 537 296 se
554 240 673 295 nubibus
689 242 776 297 imber

130 323 261 392 Ruperat.
300 321 358 388 Ille,
378 321 473 374 innare
492 335 599 388 parans,
618 317 730 372 infantis
749 337 841 376 aruoro

129 398 271 465 Tardatur,
290 413 408 465 caroque
426 397 501 450 oneri
521 395 608 448 timet.
646 394 744 448 Omnia
763 414 855 452 secum
946 417 982 456 550

129 475 258 529 Versanti
276 474 366 527 subito
386 474 430 525 vix
449 473 516 525 haec
536 472 673 525 sententia
693 471 776 525 sedit:

129 552 222 606 Telum
242 553 357 618 inmane,
376 565 457 602 manu
476 548 566 600 valida
586 547 659 615 quod
678 548 749 600 forte
767 551 884 616 gerebat

129 628 257 696 Bellator,
276 627 393 680 solidum
411 625 490 678 nodis
508 629 538 677 ct
555 624 653 677 robore
673 628 755 691 cocto,

130 705 200 758 Huic
219 709 319 770 natam,
339 702 408 754 libro
428 705 456 754 et
475 700 593 753 silvestri
614 699 712 753 subere
731 701 857 769 clausam,

129 781 263 850 implicat,
282 784 366 848 atque
384 778 502 831 habilem
515 777 623 831 mediae
635 777 805 845 circumligat
818 779 915 834 hastae
923 804 929 846 ;
947 799 983 835 555

128 857 215 921 Quam
234 856 332 909 dextra
350 855 455 921 ingenti
474 854 577 906 librans
595 855 636 906 ita
655 853 691 906 ad
711 854 824 906 aethera
842 858 930 912 fatur:

128 933 216 999 Alma,
234 932 286 986 tibi
305 932 380 998 hanc,
399 947 541 984 nemorum
561 930 667 996 cultrix,
689 931 803 984 Latonia
823 935 908 1001 virgo,

129 1009 191 1078 lpse
210 1013 289 1078 pater
307 1008 437 1061 famulam
455 1024 551 1060 voveo:
576 1011 625 1059 tua
643 1007 732 1075 prima
749 1026 800 1076 per·
818 1027 899 1063 auras

127 1086 192 1139 Tela
209 1089 306 1139 teneus
324 1085 439 1154 supplex
457 1085 565 1136 hostem
584 1083 662 1150 fugit.
706 1085 815 1153 Accipe,
834 1090 929 1151 testor,

128 1161 204 1230 Diva,
224 1166 307 1228 tuam,
328 1178 398 1229 quae
417 1178 489 1213 nunc
508 1160 599 1212 dubiis
618 1161 799 1214 committitur
816 1163 899 1215 auris.
948 1181 984 1216 sco

128 1238 211 1305 Dixit,
232 1243 261 1292 ot
279 1237 398 1290 adducto
417 1240 571 1290 contortum
590 1235 688 1288 hastile
706 1236 808 1291 lacerto

128 1314 262 1368 Iumittit:
283 1330 398 1367 sonuere
416 1313 520 1378 undae3
539 1312 666 1381 rapidum
686 1331 768 1382 super
784 1329 892 1368 amnem

127 1390 228 1443 Infelix
247 1391 318 1458 fugit
336 1390 364 1442 iu
382 1389 469 1442 iaculo
489 1389 623 1442 stridente
644 1389 764 1442 Camilla.

128 1468 168 1519 At
187 1466 323 1534 Metabus,
341 1482 440 1533 magna
458 1465 570 1534 propius
590 1465 643 1517 iam
663 1471 798 1533 urguente
816 1473 936 1538 caterva,

127 1542 182 1595 Dat
201 1559 260 1595 sose
280 1541 369 1610 fluvio,
389 1546 472 1609 atque
492 1542 598 1596 hastam
617 1558 678 1594 cum
698 1542 802 1610 virgine
821 1545 909 1598 victor·
947 1561 982 1599 555

127 1619 272 1671 Gramineo
292 1616 393 1670 donum
413 1617 519 1669 Triviae
539 1617 573 1669 de
593 1619 711 1686 caespite
730 1618 811 1672 vellit.

126 1695 188 1747 Non
206 1693 283 1747 illum
301 1693 382 1746 tectis
400 1693 478 1761 ullae,
494 1711 548 1746 non
566 1694 708 1747 moenibus
726 1696 807 1750 urbes

127 1772 274 1840 Accepere,
294 1788 383 1838 neque
401 1772 460 1839 ipse
479 1788 573 1824 manus
592 1772 702 1824 feritsto
721 1772 859 1828 dedisset:

128 1849 272 1901 Pastorum
291 1852 319 1901 et
338 1849 402 1900 solis
421 1848 514 1915 exegit
532 1847 671 1900 montibus
690 1865 794 1903 aevum.

27 1946 29 1952 ·
127 1925 180 1978 Hic
198 1929 290 1978 natam
308 1925 336 1977 iu
355 1924 445 1977 dumis
462 1923 590 1993 interque
608 1923 750 1979 horrentia
767 1927 855 1980 lustra
945 1943 980 1984 575

127 2001 296 2054 Armentalis
315 2018 402 2070 equae
420 2001 545 2054 mammis
564 2003 593 2052 ct
612 2000 683 2053 lacto
702 2002 789 2056 ferino

127 2077 152 2129 N
154 2076 267 2146 unibat,
286 2077 389 2130 teneris
407 2078 560 2145 iumulgens
579 2076 664 2129 ubera
681 2077 772 2132 labris.

128 2152 221 2222 thue
239 2155 342 2221 pedum
359 2154 454 2223 primis
471 2153 559 2206 infans
575 2153 690 2220 vestigia
706 2155 806 2222 plantis

128 2229 279 2298 institerat,
299 2231 386 2283 iaculo
404 2231 508 2300 palmas
526 2229 642 2282 armavit
661 2236 747 2299 acuto,

127 2305 291 2374 Spiculaque
304 2323 338 2358 ex
351 2308 465 2360 humero
477 2324 577 2375 parvae
590 2308 732 2375 suspendit
744 2312 773 2361 et
785 2325 886 2363 arcum.
945 2327 980 2368 555

127 2381 180 2434 Pro
199 2382 292 2434 crinali
311 2400 385 2451 aum),
403 2401 453 2452 pro
471 2383 567 2452 longao
587 2384 710 2450 tegmine
728 2379 821 2453 pallae,

126 2458 245 2526 Tigridis
264 2460 377 2513 exuviae
395 2477 445 2529 pcr
465 2459 575 2513 dorsum
593 2477 609 2513 a
627 2462 728 2514 vertice
745 2461 873 2530 pendent.

126 2535 190 2588 'Pela
208 2553 289 2589 manu
307 2536 360 2589 iam
379 2539 439 2589 tum
457 2540 552 2589 tenera
570 2536 687 2606 puerilia
705 2539 792 2605 torsit,

127 2611 162 2664 m
180 2612 292 2665 fundam
310 2614 394 2666 tereti
414 2615 514 2667 circum
533 2617 616 2682 caput
634 2614 690 2681 ogit
707 2613 821 2682 habena,

127 2688 366 2758 Strymoniamque
378 2707 482 2758 gruem,
496 2693 544 2742 aut
556 2689 648 2742 album
662 2690 762 2744 deiecit
774 2690 884 2744 olorem.
942 2708 978 2744 sso

126 2764 231 2818 Multae
250 2765 323 2818 illam
341 2767 443 2819 frustra
462 2766 601 2834 Tyrrhena
619 2767 669 2834 per
687 2766 788 2836 oppida
804 2771 909 2820 matres

127 2840 264 2907 Optavere
283 2859 396 2908 nurum;
415 2843 472 2895 sola
490 2846 618 2896 contenta
635 2842 723 2896 Diana

126 2917 279 2970 Aeternum
297 2917 414 2971 telorum
433 2922 461 2971 et
479 2920 645 2986 virginitatis
663 2935 783 2972 amorem

127 2989 296 3046 intemerata
314 2994 385 3047 colit
423 2993 529 3046 Vellem
548 2995 623 3048 haud
642 2999 768 3064 correpta
785 2995 884 3050 fuisset

126 3061 227 3118 Militia
244 3069 300 3135 tali,
319 3074 416 3125 conata
432 3070 565 3123 lacessere
585 3072 715 3127 Teucros:
942 3087 976 3126 tto

127 3135 196 3190 Cara
214 3142 280 3194 mihi
299 3147 483 3213 comitumque
501 3146 573 3199 foret
591 3165 663 3202 nuno
680 3166 735 3202 una
753 3165 885 3202 mearum.

127 3206 230 3263 Verum
248 3232 306 3282 age,
325 3221 546 3287 quandoquidem
564 3222 629 3275 fatis
646 3224 914 3292 urguetur-acerbis,
