2174 3502
416 164 598 214 AENEIDOS
614 163 684 212 LIB.
704 162 755 210 VI.
960 160 1005 207 199

150 247 256 315 Omnia
273 261 421 315 poenarmn
440 259 601 313 percurrere
618 243 728 296 nomina
745 241 855 311 possim.

193 324 270 376 Haec
288 323 335 376 ubi
353 321 427 374 dicta
444 319 522 374 dedit
541 319 644 372 Phoebi
662 319 794 386 longaeve
812 319 952 374 sacerdos:

152 401 212 454 Sed
225 400 279 452 ianr
292 414 350 466 age,
363 413 443 465 carpe
455 397 527 450 viera
540 399 569 448 et
581 399 738 464 susceptum
752 395 853 462 perfice
865 412 978 459 numus3

152 475 362 538 Adceleremus,
380 473 433 538 ait;
457 470 605 540 Cyclopum
625 471 725 524 educta
742 471 854 526 carrrinis
971 485 1006 524 eso

152 551 267 604 Moenia
285 549 419 618 conspicio
437 552 520 616 atque
538 547 653 601 adverso
672 547 776 602 fornico
795 554 896 617 portas,

153 627 235 680 Haec
252 626 300 680 ubi
319 642 367 678 nos
385 627 532 694 praecepta
549 624 645 678 iubent
665 624 802 693 deponere
820 623 898 678 dona.

154 703 279 771 Dixerat,
297 706 327 756 et
343 702 456 770 pariter,
474 699 561 768 gressi
580 717 630 768 per
648 717 731 769 opaea
749 703 861 767 viarum,

155 779 316 848 Corripiunt
334 777 452 846 spatium
471 777 602 844 medium,
621 777 780 846 foribusque
798 779 991 847 propinquant.

155 854 280 924 Occupat
298 856 409 910 Aeneas
426 855 540 921 aditum,
559 870 712 922 corpusque
730 856 832 909 receuti
971 869 1006 908 sas

155 932 269 1000 Spargit
287 947 366 999 aqua,
384 931 678 998 ramumqueadverso
697 931 725 983 irr
743 932 835 986 limine
853 929 920 998 figis.

192 1008 245 1060 His
264 1007 374 1060 demum
393 1006 502 1072 exactis,
520 1005 642 1074 perfecto
660 1023 772 1061 munere
790 1008 877 1073 divae,

156 1084 302 1138 Devenere
319 1083 393 1136 locos
410 1082 496 1136 laetos
516 1087 545 1137 et
563 1099 677 1136 amoena
694 1084 796 1138 virecta

158 1159 370 1212 Fortunatorsrm
388 1174 529 1214 nemorum
548 1158 683 1228 sedesque
701 1159 803 1214 beatas

60 1257 64 1264 ·
157 1235 335 1304 Largior'hic
352 1251 461 1303 campos
478 1235 575 1290 aether
594 1240 623 1290 et
641 1235 742 1290 lumine
759 1236 842 1290 vestit
970 1247 1006 1288 eso

158 1312 307 1381 Purpureo,
326 1313 464 1379 solemque
483 1329 569 1378 suum,
588 1328 637 1364 sua
656 1311 746 1366 sidera
763 1315 870 1365 norunt.

158 1389 226 1442 Pars
245 1389 272 1440 in
290 1388 436 1456 gramineis
455 1391 584 1441 exercent
604 1387 727 1442 membra
744 1387 894 1456 palaestris,

158 1464 335 1519 contendunt
352 1463 418 1518 ludo
436 1468 465 1517 et
482 1464 557 1518 fulva
576 1464 715 1517 luctantur
733 1479 829 1528 areua3

158 1539 227 1593 l'ars
245 1540 361 1608 pedibus
378 1540 511 1608 plaudunt
530 1539 642 1594 choreas
660 1543 689 1593 et
707 1539 826 1594 cannino
843 1539 945 1592 dicunt.

156 1616 288 1670 Necnon
308 1616 447 1669 Threicius
465 1615 546 1683 longa
563 1631 625 1669 cum
642 1619 719 1670 reste
738 1615 863 1670 sacerdos
970 1629 1006 1670 uss

157 1691 326 1760 Obloquitur
344 1693 463 1746 numeris
483 1697 588 1760 septem
609 1692 765 1746 discrimina
782 1709 885 1759 vocum,

157 1768 275 1836 Iamque
293 1768 388 1822 eadem
408 1767 510 1837 digitis,
519 1769 572 1821 iarn
592 1769 699 1836 pectine
717 1769 807 1838 pulsat
825 1768 935 1822 eburno.

158 1843 214 1897 Hic
230 1861 316 1911 genus
334 1845 477 1912 antiquum
497 1843 600 1911 Teucri,
619 1845 800 1914 pulcherrirna
818 1843 915 1913 proles,

156 1918 325 1986 Magnanimi
343 1921 447 1986 heroes,
465 1920 521 1974 nati
540 1921 696 1974 melioribus
714 1922 798 1988 annis,

157 1995 272 2062 llusque
291 1997 496 2064 Assaracusque
516 2001 544 2050 ot
563 1997 658 2050 Troiae
678 1997 823 2050 Dardanus
841 1999 941 2050 auctor.
970 2010 1006 2048 oso

158 2072 247 2124 Arma
263 2071 357 2138 procul
375 2088 525 2139 currusque
543 2073 631 2127 virum
649 2073 765 2126 miratur
782 2072 877 2124 inanis.

156 2147 240 2200 Stant
258 2152 332 2200 terra
351 2148 457 2202 defixae
475 2149 577 2217 hastae,
595 2149 752 2219 passimque
770 2147 851 2202 soluti

158 2222 213 2276 l'er
230 2239 354 2291 cenapum
373 2230 522 2292 pascuntur
541 2227 612 2294 equi.
651 2224 727 2288 Quae
743 2225 832 2292 gratia
849 2240 976 2277 curruum

157 2302 362 2368 Arrnorurnque
380 2299 434 2354 fuis
451 2301 526 2370 vivis,
546 2319 616 2370 quae
634 2319 699 2356 cura
716 2301 830 2356 nitentis
926 2336 930 2348 r

158 2376 275 2428 Poscere
293 2392 384 2443 equos,
404 2379 500 2432 cadem
520 2380 644 2446 sequitur
663 2379 761 2432 tellure
778 2381 911 2448 repostos.
970 2391 1006 2428 ero

157 2451 303 2520 Conspicit,
323 2470 391 2516 occa
409 2455 475 2508 alios
495 2455 593 2508 dextra
611 2456 743 2524 laevaque
760 2472 811 2524 per
827 2453 940 2507 herbam

161 2527 302 2582 vescentis
320 2529 476 2600 laetumque
494 2531 576 2586 choro
599 2533 706 2586 Paeana
724 2532 845 2602 canentis

158 2604 237 2657 Inter
254 2605 398 2660 odoratum
417 2609 487 2661 lauri
506 2625 610 2676 nemus,
628 2608 702 2662 unde
721 2624 836 2676 superne

158 2679 296 2734 Plurimus
316 2683 426 2738 Eridani
445 2702 496 2754 per
516 2685 609 2739 silvam
629 2685 746 2739 volvitur
764 2683 857 2738 amuis.

157 2755 212 2810 Hic
229 2774 325 2812 manus
343 2760 378 2814 ob
396 2762 513 2830 patriam
531 2762 676 2830 pugnando
694 2762 803 2815 volnera
819 2759 898 2830 passi,
971 2769 1008 2810 ἢ»

138 2857 141 2862 ¹
157 2833 265 2900 Quique
284 2837 439 2892 sacerdotes
458 2839 533 2906 casti,
553 2839 618 2891 dum
637 2839 694 2892 vita
711 2837 848 2902 manebat,

156 2908 263 2978 Quique
280 2913 318 2980 pii
335 2917 413 2968 rates
431 2919 460 2968 ct
479 2914 588 2968 'Phoebo
607 2916 690 2983 digna
707 2915 799 2978 locuti,

155 2985 287 3040 Inventas
305 2993 354 3042 aut
373 2991 421 3059 qui
440 2993 523 3044 vitam
543 2992 685 3046 excoluere
704 3008 753 3060 per
771 2989 846 3056 artis,

155 3063 263 3132 Quique
282 3066 323 3118 sui
341 3083 475 3120 memores
493 3069 559 3122 alios
578 3069 668 3122 fecere
687 3065 832 3128 rrrererrd0;

156 3138 288 3211 Omnibus
305 3141 349 3196 his
367 3143 447 3196 nivea
464 3145 610 3212 cinguntur
629 3147 753 3208 tempora
772 3140 850 3193 vitta.
971 3151 1008 3194 ess

156 3215 230 3280 Quos
247 3217 423 3272 circumfusos
441 3219 480 3272 sio
498 3224 540 3273 est
558 3219 652 3272 adfata
670 3213 781 3282 Sibylla.
