2174 3502
420 133 602 182 AENEIDOS
620 132 690 184 LIB.
708 132 757 180 VI.
969 133 1014 182 201

1 232 13 251 r
117 227 149 272 x<
159 216 206 268 Ae
223 212 346 268 velutin
363 213 452 282 pratis
469 214 517 267 ubi
534 229 600 282 apes
618 217 724 268 aestate
742 229 839 268 serene

122 290 291 344 Floribus
308 289 431 344 insidunt
448 289 537 356 variis,
555 294 583 343 et
601 288 718 342 candida
735 289 835 342 cunum

161 367 233 420 Lilia
251 366 462 431 funduntur3t
435 367 535 434 strepit
553 365 640 418 omnis
657 381 796 418 murmure
804 373 944 492 scampe&

160 443 309 496 Horrescit
326 443 386 496 risu
404 441 501 506 subito,
520 456 682 508 caussasque
700 439 816 510 requirit
981 454 1017 496 770

160 519 270 572 Inscius
289 523 406 585 Aeneas,
425 534 495 586 quae
514 517 569 570 sint
586 533 619 569 es
636 516 747 570 flumine
765 531 854 585 porro,

161 597 250 662 Quive
268 595 320 649 viri
338 597 416 648 tento
435 592 586 662 conplerint
603 592 711 660 agmine
730 593 811 662 ripas.

159 672 231 724 'l'um
249 675 330 740 pater
348 669 498 724 Anchises:
517 670 641 734 Animae,
660 668 759 736 quibus
776 667 865 722 altere
881 667 938 724 lato

160 748 284 816 Corpora
301 747 446 812 debentur,
465 745 578 799 Lethaei
596 744 633 798 ed
650 744 769 798 fluminis
786 744 887 798 undam

159 817 277 877 Securos
294 822 390 876 latices
408 826 437 876 et
454 822 534 888 louge
551 821 651 874 oblivis
668 825 771 890 potunt.
979 835 1015 874 us

159 900 222 952 Has
240 899 369 967 equidem
386 914 538 964 memorare
556 897 606 951 tibi
624 901 709 966 atque
727 897 871 954 ostendere
888 913 987 964 eornm,

159 974 330 1043 Iampridem
344 974 414 1027 hanc
431 974 536 1042 prolem
553 974 630 1042 cupio
648 989 807 1027 enumerare
825 989 954 1038 meonrm,

159 1052 220 1116 Quo
239 1051 326 1118 magis
344 1050 426 1104 Italia
444 1066 550 1104 meeum
567 1049 670 1103 laetere
687 1052 804 1117 reperte.

159 1127 284 1196 Opster‚
296 1143 365 1180 anne
376 1126 481 1194 aliquas
493 1126 529 1180 ud
545 1125 650 1180 coelum
667 1125 730 1180 binc
745 1125 786 1180 ire
800 1125 953 1194 putendum
970 1129 1014 1180 est

158 1203 288 1258 Sublimis
306 1202 415 1269 animas,
434 1203 587 1270 iterumque
604 1201 641 1254 ad
659 1201 740 1256 tarde
757 1202 857 1256 reverti
978 1214 1014 1256 700

159 1280 298 1348 Corporal
317 1295 388 1347 quae
406 1279 474 1332 lucis
491 1278 598 1332 miseris
616 1282 673 1332 tam
692 1277 752 1330 dire
769 1276 884 1344 cupidoi

158 1355 257 1409 Dic-sm
275 1354 409 1422 equidem,
428 1371 477 1408 nec
496 1359 524 1408 te
542 1370 711 1423 suspensum,
729 1357 801 1419 nuto,
820 1351 936 1418 tenebo;

158 1431 278 1499 Suscipit
298 1430 437 1498 Anchises,
454 1434 538 1499 atque
557 1431 653 1484 ordine
671 1429 777 1496 singule
795 1429 898 1497 pandit.

194 1507 332 1575 Principio
349 1507 452 1560 caelum
470 1524 502 1562 ac
519 1511 608 1560 terres
626 1521 788 1574 camposque
807 1504 937 1575 liquentis

157 1585 363 1653 Lucentemque
380 1582 491 1652 globum
510 1583 603 1636 Lunae
621 1583 780 1649 Titaniaque
799 1585 873 1636 astru
977 1597 1012 1640 ⁷2⁵

158 1661 277 1729 Spiritus
296 1660 368 1714 intus
386 1660 443 1727 ulit,
461 1663 602 1728 totamque
620 1659 709 1711 infusa
725 1675 775 1726 per
793 1661 869 1712 artus

158 1737 241 1790 Mens
259 1737 346 1805 agitet
364 1737 463 1790 molem
482 1739 511 1790 et
529 1752 626 1802 magno
645 1752 674 1788 se
691 1751 803 1802 corpore
822 1734 924 1788 miscet.

159 1813 231 1867 lude
249 1813 386 1866 hominum
404 1813 593 1882 pecudumque
611 1829 696 1878 genus
714 1811 842 1879 vitaeque
859 1811 999 1866 volantum

158 1889 197 1943 Et
216 1906 286 1959 quse
303 1905 455 1942 marmoreo
472 1889 528 1944 fert
545 1892 667 1941 monstra
684 1887 734 1942 sub
752 1903 870 1954 aequore
887 1890 994 1954 pontus.

160 1966 263 2034 Igneus
281 1971 325 2019 est
342 1966 401 2018 ollis
418 1966 495 2032 vigor
512 1969 541 2018 et
559 1965 684 2018 caelestis
701 1965 776 2032 origo
976 1978 1012 2018 700

159 2042 321 2109 Seminibus,
339 2045 470 2110 quantum
488 2057 541 2094 non
558 2041 639 2094 noxio
655 2056 768 2108 corpore
785 2042 897 2094 tendunt

158 2117 328 2187 Terrenique
345 2117 476 2171 hebetent
493 2121 570 2170 artus
587 2115 801 2185 moribundaque
818 2117 948 2170 membru.

160 2193 234 2248 Hinc
256 2197 383 2248 metuunt
405 2193 580 2262 cupiuntque,
604 2191 698 2246 dolent
721 2192 904 2262 gaudentque,
922 2209 1012 2262 neque

229 2287 309 2324 aures

160 2345 321 2414 Respiciunt
339 2346 445 2400 clausae
463 2346 585 2400 tenebris
603 2350 631 2402 et
649 2363 756 2401 carcere
774 2363 860 2401 caeco.

161 2423 232 2486 Quin
250 2426 279 2476 et
297 2439 423 2490 supremo
440 2440 501 2476 cum
519 2423 620 2476 lumine
638 2423 695 2476 vita
712 2423 831 2491 reliquit,
975 2437 1011 2477 tas

103 2514 105 2518 ·
162 2499 223 2552 Non
242 2503 334 2552 temen
353 2515 431 2552 omne
449 2499 550 2552 mulum
568 2498 673 2551 miseris
691 2515 741 2552 nec
758 2498 882 2552 funditus
900 2514 994 2552 omnes

162 2576 315 2644 Corporeee
333 2575 468 2629 excedunt
485 2579 584 2642 pestes,
602 2575 764 2643 penitusque
781 2591 891 2629 necesso
909 2578 953 2628 est

161 2650 250 2706 Multa
268 2651 316 2704 diu
333 2654 459 2705 concreto
476 2651 564 2703 modis
582 2651 729 2704 inolescere
746 2650 830 2707 miris.

161 2727 233 2796 lirgo
252 2730 414 2781 exercentur
431 2727 533 2795 poenis,
551 2730 728 2795 veterumque
745 2727 878 2780 malorum

162 2803 299 2872 Supplicia
313 2803 487 2872 expendunt:
505 2802 574 2856 aliae
591 2803 749 2870 panduntur
767 2803 853 2856 inanis
974 2813 1010 2854 700

160 2879 314 2948 Suspensus
332 2880 368 2932 ad
386 2884 496 2944 ventos3
514 2879 574 2932 aliis
593 2878 642 2932 sub
660 2880 768 2946 gurgite
786 2882 862 2931 vasto

161 2956 299 3010 Infectum
317 2956 418 3010 eluitur
436 2956 530 3022 scelus,
548 2959 596 3008 aut
614 2955 738 3008 exuritur
755 2954 825 3022 igni;

162 3032 284 3100 Quisque
301 3048 363 3085 suos
379 3032 500 3100 patimur
517 3032 620 3095 Manis;
639 3030 737 3083 exinde
755 3047 804 3098 por
821 3027 940 3097 amplum

162 3107 302 3160 Mittimus
320 3106 449 3175 Elysium,
468 3111 496 3159 et
514 3107 592 3172 penei
610 3107 684 3156 laeta
702 3122 765 3156 orsu
783 3109 923 3169 tenemus;

161 3180 255 3236 Donec
271 3181 354 3250 longa
370 3181 437 3237 dies,
454 3179 574 3246 perlecto
592 3177 722 3242 temporis
740 3175 813 3239 orbe,
974 3191 1009 3226 nse
