2174 3502
382 146 563 196 AENEIDOS
581 148 650 196 ΠΒ,
670 148 720 198 VI.
926 151 972 198 191

114 225 295 294 Inpositique
312 223 387 290 rogis
404 224 514 278 iuvenes
533 230 597 278 ante
614 243 663 280 ora
680 231 839 296 parentum:

80 303 208 365 u'Quam
227 300 316 353 multa
332 300 361 352 in
379 299 452 352 silvis
470 302 593 354 autumni
611 303 713 370 frigore
731 305 818 373 primo

113 377 209 444 Lapsa
228 375 331 428 eadunt
348 375 420 444 folia,
439 379 487 430 aut
505 376 541 429 ad
559 381 662 432 terram
680 380 790 448 gurgite
808 385 843 434 ab
859 384 917 434 alto
937 394 975 436 elo

97 454 208 517 ,Quam
227 450 329 504 miritae
348 451 534 519 glomerantur
552 471 623 522 aves,
642 455 688 508 uhi
707 455 823 524 frigidus
839 473 925 512 anmu

114 530 205 582 Trans
222 529 339 596 pontum
357 528 436 596 fugat
455 530 484 582 ct
502 530 583 583 terris
602 530 717 586 inmittit
734 533 862 602 apriciss,

116 605 238 659 Stabant
256 599 366 657 orantes
385 603 467 672 primi
487 607 675 660 transmittere
694 624 810 676 cursum,
835 598 844 615 '

116 680 337 748 'l'eudebantque
356 697 452 734 manus
472 681 547 750 ripae
566 683 704 738 ulterioris
722 702 820 738 amore.

116 757 222 811 Navita
239 755 290 809 sed
307 755 395 810 tristis
414 774 485 811 nunc
504 757 553 811 hos
571 776 642 812 nunc
660 761 758 829 accipit
775 761 844 828 illos,
939 776 975 814 ere

117 835 175 888 Ast
193 833 261 886 alios
279 831 359 900 longe
379 833 520 888 submotos
540 838 615 888 arcet
634 853 722 891 arena.

118 912 231 963 ,leneas
248 908 363 963 miratus
383 909 454 963 enim
472 914 617 980 motusque
636 913 756 967 tumultu

118 987 178 1051 Dic,
197 985 243 1048 ait,
262 1001 278 1037 o
296 985 380 1054 virgo,
399 986 467 1054 quid
485 987 541 1040 volt
560 1004 704 1042 concursus
723 989 760 1042 ad
778 991 902 1044 amneml

119 1061 229 1126 Quidve
246 1065 346 1130 petunt
365 1063 488 1116 animael
508 1062 550 1116 vel
570 1081 623 1133 qno
642 1065 797 1119 discrimine
814 1066 889 1134 ripas

120 1138 184 1192 llae
201 1138 338 1206 linquunt,
358 1137 420 1192 illae
437 1138 521 1192 remis
540 1141 610 1193 vada
627 1141 710 1194 livida
727 1145 857 1198 verrunti
938 1157 975 1196 sao

118 1213 175 1268 Olli
194 1214 233 1266 sic
251 1213 372 1286 breviter
389 1214 447 1269 fata
465 1217 508 1268 est
527 1215 656 1284 longaeva
674 1217 813 1272 sacerdos:

118 1291 243 1344 Anchisa
260 1295 398 1359 generate,
417 1292 500 1346 deum
520 1293 671 1346 certissimo
689 1293 787 1361 proles,

119 1367 216 1434 Ooeyti
235 1371 333 1434 stagna
352 1366 407 1421 alta
426 1367 502 1422 vides
523 1368 700 1436 Stygiamque
719 1368 854 1437 paludem,

119 1442 158 1497 Di
177 1444 252 1498 cuius
270 1444 360 1498 iurare
379 1444 478 1498 timent
498 1447 526 1498 et
545 1444 639 1498 fallere
657 1461 766 1498 numen.

121 1520 201 1574 llaec
212 1521 306 1587 omnis,
321 1537 402 1589 quam
415 1521 511 1588 cernis,
524 1522 602 1590 inops
615 1521 811 1589 inhumataque
824 1519 905 1574 turba
916 1521 975 1583 est;

120 1595 244 1650 Portitor
263 1598 310 1650 ille
329 1598 451 1662 Oharon;
474 1597 509 1661 hi,
529 1615 596 1666 quos
615 1597 690 1651 vehit
706 1597 787 1665 unda,
805 1594 913 1665 sepulti.
939 1610 976 1650 aaa

120 1672 182 1726 Neo
199 1675 272 1742 ripas
292 1673 374 1728 datur
392 1675 542 1728 horrendos
561 1678 590 1729 et
608 1691 690 1728 rauco
707 1674 808 1728 fluenta

121 1749 320 1818 Transportare
338 1751 421 1819 prius,
440 1767 522 1820 quam
542 1744 656 1804 sedibus
670 1767 731 1804 ossa
751 1751 885 1817 quienmt.

121 1825 243 1880 Centum
262 1830 355 1880 errant
372 1843 457 1880 annos
475 1827 646 1895 volitantque
663 1825 730 1880 haec
749 1826 829 1879 litora
847 1826 963 1890 circum;

26 1940 27 1945 ,
121 1902 193 1956 'lum
211 1903 322 1956 demum
341 1903 452 1957 admissi
470 1907 567 1970 stagna
585 1906 715 1970 exoptata
733 1902 861 1954 revisunt.
939 1914 976 1954 aaa

122 1979 255 2032 Constitit
275 1979 394 2033 Anchisa
413 1984 489 2033 satus
507 1984 536 2032 et
554 1978 668 2046 vestigia
685 1978 792 2045 pressit,

121 2054 215 2108 Multa
232 2059 341 2124 putans,
360 2059 516 2124 sortemque
534 2056 623 2108 animo
641 2055 785 2107 miseratus
803 2051 932 2121 iniquam.

123 2132 220 2187 Gemit
237 2132 275 2185 ibi
295 2137 413 2186 maestos
431 2135 460 2186 et
478 2133 574 2186 mortis
592 2131 694 2184 honore
712 2127 831 2182 carentis

123 2209 285 2277 Leucaspim
303 2211 332 2262 et
350 2209 447 2278 Lyciae
466 2209 608 2263 ductorem
626 2205 719 2260 classis
738 2203 867 2271 Oronten,

123 2284 199 2348 Quos
217 2285 304 2353 simul,
322 2303 340 2338 a
357 2285 436 2338 Troia
454 2288 565 2338 ventose
584 2301 633 2352 per
651 2298 769 2351 aequora
787 2284 887 2350 vectos,
940 2294 976 2334 ees

123 2360 224 2414 Obruit
244 2365 358 2430 Auster;
373 2379 444 2430 aqua
462 2361 601 2414 involvens
619 2376 770 2428 navemque
788 2357 922 2425 virosque.

158 2437 229 2491 Eece
246 2437 414 2506 gubernator
432 2455 491 2492 sese
511 2437 655 2490 Palinurus
673 2435 779 2503 agebat,

124 2513 179 2579 Qui
198 2514 297 2583 Libyco
316 2532 403 2583 nuper
422 2533 510 2582 cursu,
529 2515 594 2567 dum
613 2512 704 2565 sidera
722 2513 819 2576 serrat,

125 2589 274 2644 Exciderat
292 2593 376 2660 puppi
394 2591 491 2645 mediis
510 2591 611 2643 effusus
628 2589 657 2641 in
675 2587 761 2640 undis.

125 2667 208 2720 Huno
226 2666 273 2720 ubi
291 2668 335 2720 rix
353 2669 440 2723 multa
458 2670 592 2722 maestum
611 2664 736 2731 cognovit
754 2663 782 2714 in
801 2661 906 2726 umbra,
940 2671 977 2712 elo

51 2737 58 2746 '
124 2743 170 2796 Sic
188 2742 264 2810 prior
282 2743 452 2812 adloquitur:
476 2745 542 2810 Quis
560 2747 597 2810 tc,
617 2741 751 2806 Palinure,
770 2738 882 2792 deorum

125 2818 236 2886 llripuit
255 2818 339 2886 uobis,
358 2821 503 2890 medioque
522 2819 572 2873 sub
591 2833 708 2886 aequore
724 2816 838 2868 mersit?

124 2893 177 2947 Dic
196 2911 255 2962 age.
291 2893 416 2965 Namque
434 2897 508 2963 mihi,
526 2895 608 2948 fallax
625 2894 700 2948 haud
718 2895 782 2946 ante
799 2889 934 2957 repertae,

124 2970 188 3024 Hoc
206 2986 261 3022 uno
278 2986 407 3039 responso
424 2973 544 3026 animum
562 2969 663 3024 delusit
682 2967 788 3036 Apollo,

125 3046 180 3112 Qui
198 3045 257 3099 fore
274 3048 303 3098 te
320 3051 404 3114 ponto
422 3047 590 3112 incolumem,
608 3044 724 3111 finisque
742 3039 857 3094 canebat
942 3049 979 3092 ult

125 3125 284 3176 Venturum
304 3124 447 3178 Ausonios.
484 3123 527 3176 En
543 3121 610 3174 haec
627 3118 760 3186 promissa
777 3115 848 3169 tides
865 3113 926 3170 esar

127 3199 180 3256 Ille
199 3200 305 3251 autem:
327 3198 425 3268 Neque
443 3201 472 3252 te
490 3195 595 3250 Phoebi
613 3193 718 3246 eortina
734 3189 841 3258 fefellit,
