2152 3506
376 162 558 210 AENEIDOS
576 162 644 212 LIB.
665 162 687 212 Ι.
925 162 956 246 97

101 246 205 322 Scindit
224 262 253 300 se
271 244 357 299 nubes
375 248 404 298 et
422 245 449 297 in
468 244 581 297 aethera
598 248 699 313 purgat
717 246 850 312 apertum.

101 314 216 377 Restitit
236 323 344 374 Aeneas
363 321 490 389 claraque
508 321 536 372 in
555 320 616 374 luce
635 320 749 387 refulsit,

101 398 139 451 Os
157 399 338 465 humerosque
357 397 409 450 deo
428 397 538 462 similis3
558 413 676 464 namque
694 397 753 464 ipsa
770 396 897 450 decoram

101 475 255 529 Caesarium
274 479 337 527 nato
355 474 481 542 genetrix
499 474 646 541 lumenque
664 474 790 526 inventae
922 485 958 525 eso
1039 465 1062 496 '³

101 551 275 620 Purpureum
294 554 323 604 et
341 551 427 604 laetos
446 551 530 602 oculis
549 549 665 603 adflarat
682 549 811 603 honores:

59 625 190 692 fiQuale
209 643 304 679 manus
323 627 430 679 addunt
449 627 524 678 ebori
544 627 634 691 decus,
654 631 701 679 aut
719 625 766 678 ubi
784 626 853 678 flavo

101 705 257 771 Argentum
277 702 407 754 Pariusve
425 702 494 770 lapis
513 702 698 756 circumdatur
715 709 829 773 emax

101 779 169 833 Tum
188 780 225 832 sic
243 779 365 846 reginam
384 779 549 848 adloquitur,
566 780 724 847 cunctisque
742 782 855 847 repente

101 855 259 924 inprovisus
278 855 329 908 ait:
355 855 461 920 Coram,
479 872 562 923 quem
581 855 721 923 qnaeritis,
739 855 843 920 adsum,
923 868 957 906 595

101 931 197 984 Troius
217 934 332 998 Aeneas,
352 931 459 999 Libycis
478 935 590 1000 ereptus
608 931 643 984 ab
662 930 750 984 undis

101 1006 125 1058 O
145 1007 201 1060 sola
219 1007 343 1060 infandos
362 1007 458 1061 Troiae
477 1009 606 1061 miserata
624 1007 737 1074 labores,

101 1082 177 1146 Quae
194 1100 250 1149 nos,
268 1082 396 1151 reliquias
415 1084 547 1149 Danamn,
565 1089 710 1151 terraeque
728 1084 865 1151 marisque

101 1158 234 1212 Omnibus
252 1160 398 1212 exhaustos
416 1160 468 1212 iam
488 1162 600 1226 casibus,
619 1161 739 1213 omnium
759 1176 865 1226 egenos,

101 1235 185 1301 Urbe,
204 1235 291 1299 domo,
311 1236 404 1299 socias,
422 1243 515 1301 grates
534 1236 691 1302 persolvere
711 1235 807 1302 dignas
920 1250 956 1288 eoo

100 1311 163 1364 Non
181 1313 240 1380 opis
258 1315 300 1364 est
318 1317 435 1376 nostrae,
455 1312 534 1374 Dido,
555 1329 602 1364 nec
623 1311 764 1380 quidquid,
776 1311 877 1378 ubique
895 1315 938 1364 est

87 1386 198 1454 ¹Gentis
217 1387 378 1453 Dardaniae,
396 1404 522 1454 meginun
544 1404 612 1456 qnae
633 1404 726 1454 sparsa
744 1403 793 1454 pcr
811 1386 912 1440 orbem.

102 1463 136 1515 ln
155 1463 212 1530 tibi,
232 1463 254 1515 si
272 1480 326 1531 qua
344 1463 403 1531 pios
422 1469 578 1531 respectant
596 1464 713 1526 numina,
732 1464 754 1514 si
774 1461 840 1530 quid

101 1539 223 1607 Usquam
243 1539 346 1592 iustitia
364 1543 406 1592 est
425 1544 454 1592 ot
472 1556 548 1592 mens
566 1539 617 1592 sibi
638 1540 743 1592 conscia
760 1540 836 1606 recti,

100 1615 225 1668 Praemia
239 1614 321 1682 digna
333 1616 429 1669 serant.
469 1616 543 1680 Quae
558 1625 584 1669 te
599 1626 655 1670 tarn
669 1615 741 1668 laeta
754 1615 876 1668 tulerunt
920 1629 956 1668 uuo

100 1691 230 1745 Saeculal
252 1691 298 1758 qui
317 1692 387 1744 tanti
405 1692 487 1745 talem
505 1710 625 1759 genuere
643 1694 788 1760 parentesi

101 1766 135 1818 ln
153 1767 225 1820 freta
243 1767 308 1818 dum
326 1767 399 1819 fluvii
418 1775 535 1829 current,
554 1770 620 1822 dum
639 1768 777 1822 montibus
795 1767 908 1820 umbrae

100 1843 271 1896 Lustrabunt
290 1860 415 1908 convexa,
434 1845 511 1912 polus
530 1845 595 1898 dum
616 1846 705 1898 sidera
723 1849 823 1914 pascet,

100 1918 214 1987 Semper
231 1919 315 1972 honos
332 1935 487 1988 nomenque
505 1925 582 1974 tuum
602 1921 750 1988 laudesque
769 1920 925 1985 manebunt,

101 1994 176 2058 Quae
189 2011 359 2062 mecumque
372 1999 469 2049 vocant
481 2001 579 2049 terrac.
616 1997 659 2050 Sic
671 1998 752 2062 fatus,
765 1997 879 2048 amicum
919 2010 955 2047 oro

101 2069 206 2124 Ilionea
223 2071 294 2139 petit
313 2071 419 2137 dextra,
439 2071 570 2140 laevaque
590 2073 736 2137 Serestum,

101 2146 169 2199 Post
187 2147 260 2213 alios,
279 2147 433 2216 fortemque
453 2148 536 2214 Gyan,
555 2149 712 2216 sortemque
730 2148 900 2203 Cloanthum.

23 2215 77 2287 δῖ
136 2222 276 2291 Obstipuit
294 2224 382 2292 primo
400 2229 512 2292 aspectu
531 2224 642 2278 Sidonia
661 2224 739 2291 Dido,

101 2299 172 2353 Casu
191 2298 291 2352 deinde
309 2299 359 2353 viri
377 2303 463 2366 tanto,
483 2305 511 2354 et
530 2303 568 2353 sic
586 2318 632 2354 ore
651 2301 742 2354 locuta
760 2303 815 2354 est:

101 2375 168 2440 Quis
186 2378 223 2442 te,
241 2379 305 2428 nato
324 2376 382 2443 dea,
401 2393 450 2444 per
469 2379 552 2430 tanta·
563 2378 683 2447 pericula
701 2394 778 2431 casus
920 2391 955 2428 sm

101 2452 279 2519 Insequituri
306 2469 376 2520 qnae
394 2453 435 2505 vis
453 2453 607 2507 inmanibus
626 2453 745 2521 adplicat
763 2454 831 2506 orisl

100 2527 176 2581 Tune
195 2527 241 2581 ille
261 2527 375 2594 Aeneas,
395 2546 475 2596 quem
494 2530 634 2591 Dardanio
656 2530 791 2584 Anchisae

102 2605 184 2658 Alma
202 2603 425 2674 Venus'Phrygii
442 2607 539 2673 genuit
558 2607 704 2678 Simoentis
723 2606 759 2658 ad
777 2606 894 2658 undaml

102 2684 196 2748 Atque
214 2681 343 2750 equidem
361 2682 494 2734 Teucrum
513 2683 623 2735 memini
642 2683 743 2735 Sidona
761 2683 852 2735 venire

101 2755 214 2810 Finibus
233 2757 375 2825 expulsum
393 2758 497 2826 patriis,
516 2775 585 2811 nova
602 2775 686 2827 regna
704 2762 843 2826 potentem
921 2771 957 2808 om

102 2832 213 2886 Auxilio
232 2833 308 2897 Beli;
326 2834 435 2901 genitor
453 2837 512 2888 tum
531 2835 614 2887 Belus
632 2836 748 2902 opimam

104 2908 239 2962 Vastabat
257 2910 383 2978 Cyprum,
402 2914 430 2963 et
448 2910 534 2963 victor
552 2910 658 2964 dicione
675 2911 794 2964 tenebat.

103 2984 235 3052 Tempore
253 2985 307 3038 iam
326 3002 360 3038 ex
377 2986 424 3038 illo
441 3003 519 3039 casus
537 2986 604 3039 mihi
623 2987 748 3054 cognitus
766 2985 841 3039 urbis

103 3060 234 3114 Troianae
252 3078 404 3129 nomenque
423 3065 501 3116 tuum
520 3079 654 3132 regesque
675 3063 789 3128 Pelasgi.

46 3133 93 3181 *ἣν
105 3137 169 3204 lpse
186 3137 273 3191 hostis
291 3138 409 3191 Teucros
427 3139 524 3205 insigni
542 3139 623 3192 laude
642 3138 755 3204 ferebat,
923 3149 958 3188 ero

38 3231 67 3290 3
103 3213 194 3280 Seque
212 3218 302 3276 ortum
321 3215 434 3281 antiqua
452 3213 616 3267 Teucrorum
635 3214 670 3265 ab
689 3213 774 3280 stirpe
793 3212 909 3266 volebat.
