2172 3506
92 157 139 204 286
347 155 376 203 P.
398 155 551 205 veneral
572 154 740 204 Maeonis

92 236 235 306 Messapus
254 235 433 305 Cloniumque
452 236 671 304 Lycaoniumque
692 234 825 301 Erieeten,

94 312 175 366 illuni
192 313 306 366 infrenis
323 313 387 381 equi
405 312 483 382 lapsu
500 311 600 366 tellure
617 312 758 375 iacentem,
909 323 948 364 teo

94 388 174 442 llunc
192 389 316 458 peditem
334 388 426 458 pedes.
463 387 500 442 Et
518 387 617 456 Lycius
635 389 805 456 processerat
824 385 909 453 Agis,

92 464 179 528 Qriem
198 469 290 519 tanuen
308 464 382 518 haud
399 480 498 532 expers
520 464 634 517 Valerus
652 463 762 516 virtutis
780 462 871 515 avitae

92 539 208 606 Deiieit3
227 545 257 594 at
275 540 423 594 Thronium
442 539 538 606 Salius,
558 539 714 607 Saliumque
733 538 857 603 Nealces,

91 617 211 686 Insignis
229 617 317 672 iaculo
335 621 364 670 et
382 616 463 684 lenge
481 615 594 669 fallente
612 615 719 682 sagitta.

127 693 186 746 lam
204 695 297 762 gravis
315 692 452 760 aequabat
470 692 559 746 luctus
578 695 606 744 et
624 696 719 744 mutua
737 689 849 742 hiavers
910 703 948 743 res

92 766 213 834 Funera;
231 767 384 822 caedebant
402 768 505 836 pariter
521 767 679 836 pariterque
697 765 813 820 ruebant

91 849 217 904 Victores
235 851 370 918 victique;
388 865 477 918 neque
496 849 538 902 his
554 849 620 916 fuga
637 852 709 914 nota,
727 863 816 914 neque
834 845 895 899 illis

90 925 125 978 Di
146 926 218 979 Ievis
236 926 264 979 iu
282 927 364 979 tectis
383 926 451 978 iram
470 926 636 978 miserantur
653 924 759 976 inanem

91 1001 250 1067 Arnborum,
269 1005 298 1055 et
316 1006 409 1055 tantos
426 1000 587 1055 mortalibus
604 1017 664 1053 esse
682 1000 802 1063 laborem

94 1077 164 1131 Hine
182 1077 283 1142 Venus,
302 1077 365 1131 hine
382 1081 477 1130 eontra
494 1078 601 1145 spectat
619 1076 747 1129 Saturnia
766 1075 841 1130 luno.
906 1092 947 1131 rm

92 1153 198 1207 Pallida
216 1153 362 1222 Tisiphone
379 1153 471 1206 media
488 1153 562 1206 inter
579 1152 655 1206 milia
672 1152 767 1205 saevit.
855 1182 858 1188 ‚

92 1231 133 1282 At
150 1247 214 1283 vere
233 1232 371 1297 ingentem
392 1230 521 1298 quatiens
540 1228 694 1282 Mezentius
711 1228 818 1282 hastam

91 1306 227 1360 Turbidus
245 1306 403 1374 ingreditur
419 1295 544 1374 eampo!
558 1305 646 1368 Quam
663 1320 778 1371 rrragnus
796 1303 888 1380 Opion,

91 1383 159 1436 Cum
177 1383 263 1452 pedes
281 1383 384 1436 incedit
401 1381 484 1436 medii
504 1398 555 1449 per
571 1395 700 1434 maxuma
717 1379 801 1434 Nerei

91 1461 193 1527 Stagna
211 1460 281 1512 viam
300 1458 433 1524 scindens,
451 1457 564 1511 humero
582 1459 766 1524 supereminet
783 1457 879 1521 undas,
904 1474 945 1513 rm

93 1538 158 1603 Ant,
178 1536 290 1588 summis
307 1535 428 1588 reterens
445 1549 575 1586 annosam
592 1531 731 1585 mentibus
748 1549 853 1600 ornum,
891 1562 899 1582 ι

94 1611 306 1679 ingrediturque
324 1609 380 1662 sele
398 1613 427 1662 et
444 1612 528 1677 eaput
545 1609 617 1662 inter
634 1607 728 1662 nubila
745 1608 850 1663 cendit:
863 1641 890 1718 γ

91 1687 161 1739 'l'alis
179 1702 208 1738 se
225 1687 310 1738 vastis
327 1685 411 1743 insert
429 1685 582 1738 Mezentius
600 1685 690 1738 armis.
765 1713 768 1718 ·

94 1762 163 1815 lluic
181 1765 275 1815 eontra
294 1763 410 1824 Aeneas,
430 1761 585 1830 speculatus
603 1761 630 1813 in
649 1760 757 1828 agmine
775 1760 861 1830 lengo,

90 1837 193 1897 Obvius
211 1838 252 1891 ire
269 1841 355 1905 parat.
392 1837 487 1890 Manet
505 1836 698 1906 inperterritus
715 1836 769 1903 ille,
902 1852 944 1893 πο

92 1915 207 1968 Hostem
224 1913 424 1982 magnanimum
442 1913 595 1982 opperiens,
613 1917 642 1966 et
659 1912 730 1966 rnole
748 1929 798 1966 sua
816 1916 887 1977 stat3

90 1992 184 2059 Atque
195 1990 279 2043 oeulis
291 1989 410 2057 spatiani
423 2005 557 2055 emensus,
570 1992 703 2056 quantuni
715 1990 784 2042 satis
796 1989 893 2043 hastae
905 2010 912 2045 :

91 2066 195 2119 Dextra
212 2065 277 2118 inihi
296 2065 364 2118 deus
383 2069 412 2117 et
429 2063 524 2131 telum,
543 2064 617 2133 qued
636 2064 738 2117 missile
756 2064 834 2131 libro,

90 2143 114 2194 N
117 2158 169 2194 une
186 2141 291 2195 adsint!
313 2141 405 2194 Voveo
423 2140 570 2208 praedonis
587 2156 701 2207 corpere
719 2141 805 2207 raptis

91 2218 220 2270 indutum
238 2217 332 2284 spoliis
350 2216 439 2284 ipsum
458 2221 495 2280 te,
514 2215 611 2282 hause,
629 2221 773 2284 tropaeum
902 2232 944 2273 m

90 2296 209 2346 Aeneae.
246 2291 331 2357 Dixit,
349 2291 566 2359 stridentemque
583 2291 688 2344 eminus
706 2291 811 2346 hastam

89 2369 176 2433 lecit;
191 2371 221 2420 at
237 2367 285 2420 illa
302 2367 395 2419 rotans
412 2367 498 2435 clipeo
517 2373 560 2420 est
578 2383 699 2433 excussa,
717 2369 866 2438 proculque

88 2444 235 2514 Egregium
255 2445 380 2497 Antoren
398 2444 470 2496 latus
488 2444 561 2497 inter
578 2447 608 2498 et
623 2443 671 2498 ilia
687 2443 756 2512 figit,

88 2520 216 2576 Herculis
235 2521 360 2574 Antoren
378 2520 513 2582 camitem,
532 2519 580 2586 qui
597 2519 696 2572 missus
713 2518 749 2572 ab
768 2521 852 2588 Argis

89 2599 225 2651 Haeserat
243 2597 378 2656 Euandre,
397 2600 480 2664 atque
500 2595 572 2649 Itala
589 2594 751 2651 consederat
768 2595 843 2663 urhe.
905 2612 948 2652 aar

88 2674 226 2727 Stennitur
244 2673 337 2726 infelix
356 2673 445 2724 alieno
456 2670 575 2737 volnere,
593 2671 754 2739 caelumque

91 2749 202 2818 Aspicit,
215 2752 244 2802 et
262 2748 349 2802 dulcis
367 2747 485 2800 moriens
503 2747 688 2800 reminiscitur
709 2751 805 2814 Argos.

87 2825 154 2877 'lum
172 2825 234 2892 pius
253 2827 362 2877 Aeneas
380 2823 486 2876 hastam
505 2822 585 2888 iacit;
602 2823 649 2876 illa
666 2839 716 2890 per
733 2822 827 2877 orbern

91 2902 161 2952 Aere
180 2916 275 2954 cavum
294 2899 403 2968 triplici,
421 2915 473 2968 per
489 2900 561 2953 linea
578 2903 664 2967 terga,
683 2899 828 2968 tribusque

87 2974 204 3028 'Transiit
219 2975 357 3029 intextum
375 2977 463 3028 tauris
481 2993 554 3043 epus,
573 2976 682 3044 imaque
701 2975 773 3030 sedit
903 2991 945 3034 tes

88 3048 217 3115 lnguin03
237 3051 286 3104 sed
304 3051 369 3104 viris
387 3050 461 3103 haud
479 3051 601 3118 pertulit.
640 3052 722 3104 Ocius
740 3067 833 3106 ensem

88 3123 203 3188 Aeneas,
222 3126 279 3177 viso
298 3125 430 3192 Tyrrheni
448 3127 579 3192 sauguine
597 3126 692 3193 laetus,

86 3192 210 3260 Eripite
228 3199 335 3266 femine,
353 3203 382 3253 et
399 3201 550 3268 trepidanti
568 3201 691 3258 fervidus
708 3203 801 3259 instat
