2154 3518
381 177 587 229 GEORGIOON
605 180 674 229 LIB.
694 180 716 229 I.
946 187 976 232 29

126 255 157 311 si
175 261 306 327 superant
323 258 404 326 setus,
421 261 525 328 pariter
542 261 680 315 immerita
697 267 852 330 sequentur,

126 331 282 402 Magnaque
299 350 359 388 cum
378 353 476 403 magno
494 339 585 391 veniet
602 339 702 391 tritura
718 339 822 405 calore3
940 357 976 396 mo

126 409 168 463 At
185 410 208 463 si
226 409 333 463 luxuria
350 411 474 465 foliorum
493 413 626 467 exuberat
643 415 747 484 umbra,

125 483 296 554 Nequiquam
315 487 423 555 pinguis
441 489 520 557 palea
537 494 611 543 teret
630 507 694 545 area
711 494 822 548 culmos.

125 561 233 614 Semina
252 561 307 616 vidi
325 563 451 632 equidem
471 565 572 618 multos
589 567 726 623 medicare
744 572 860 624 serentis

125 635 161 690 lit
180 639 252 692 nitro
269 639 344 706 prius
362 643 392 692 et
409 641 487 708 nigra
504 642 670 708 perfundere
688 662 807 714 amurga‚

125 714 259 768 Grandior
276 720 307 768 ut
326 716 397 768 setus
416 717 519 785 siliquis
536 718 676 773 fallacibus
694 726 775 788 esset,
942 739 976 779 ros

124 789 167 857 Et,
187 793 308 859 quamvis
326 793 382 860 igni
401 794 506 861 exiguo,
524 799 672 863 properata
689 797 840 854 maderent.

123 865 188 920 Vidi
206 868 277 922 lecta
296 868 390 922 diuet
409 871 494 923 multo
514 875 639 940 spectata
655 872 749 927 labore

123 942 298 1011 Degenerare
316 949 417 1013 tamen,
436 947 463 1000 ni
481 948 521 1000 vis
539 947 657 1002 humana
675 954 742 1018 quot
760 952 836 1004 annis

122 1017 253 1074 Maxuma
272 1038 396 1090 quaeque
414 1040 496 1076 manu
514 1023 629 1091 legeret.
666 1025 710 1080 Sic
728 1027 817 1080 omnia
834 1028 898 1080 fatis

122 1093 157 1148 In
175 1097 252 1164 peius
271 1113 357 1166 ruere,
377 1115 408 1152 ac
427 1103 501 1152 retro
520 1099 647 1169 sublapsa
664 1103 775 1168 referri3
938 1117 976 1156 000

121 1170 184 1225 Νο0
202 1173 289 1242 aliter,
308 1191 388 1243 quam
407 1176 452 1243 qui
471 1176 585 1230 adverso
604 1178 649 1230 vix
667 1177 776 1232 flumine
795 1178 915 1232 lembum

122 1246 253 1315 Remigiis
273 1249 382 1317 subigit,
401 1251 424 1303 si
440 1251 566 1306 bracchia
584 1253 655 1308 forte
674 1255 786 1322 remisit,

122 1325 215 1392 Atque
233 1325 354 1379 illumin
372 1343 503 1396 praeceps
521 1345 607 1396 prono
624 1330 696 1396 rapit
714 1330 806 1383 alveus
823 1331 903 1384 urnni.

158 1399 307 1454 Praeterea
324 1406 382 1456 tam
401 1407 465 1455 sunt
484 1405 597 1456 Arcturi
616 1405 706 1458 sidera
724 1405 801 1459 nobis

121 1474 337 1546 Haedorumque
356 1479 414 1532 dies
433 1479 558 1532 servandi
576 1484 605 1533 et
623 1479 727 1534 lucidus
746 1483 859 1550 Anguis,
937 1497 974 1538 roe

121 1551 208 1616 Quam
228 1553 325 1622 quibus
343 1555 370 1608 in
388 1555 506 1624 patriam
525 1559 638 1608 ventosa
655 1573 705 1624 per
723 1573 841 1625 aequora
860 1559 944 1612 vectis

122 1627 226 1682 Pontus
245 1633 274 1683 et
292 1631 411 1684 ostriferi
429 1632 520 1684 fauces
539 1635 712 1700 temptantur
730 1633 830 1702 Abydi.

121 1703 204 1758 Libra
222 1705 267 1760 die
286 1708 426 1776 somnique
444 1724 524 1775 pares
541 1707 588 1761 ubi
606 1708 703 1762 iecerit
721 1708 810 1777 horas,

120 1780 156 1834 Et
175 1783 295 1836 medium
312 1783 365 1837 luci
383 1787 465 1852 atque
484 1784 588 1837 umbris
605 1785 658 1838 iam
679 1784 776 1838 dividit
794 1786 897 1852 orbem,

119 1856 262 1926 1000000οθ,
282 1860 339 1927 viri,
358 1863 457 1924 tauros,
476 1861 559 1914 serite
578 1860 681 1914 hordea
701 1862 810 1929 campis,
936 1877 973 1914 aro

120 1933 215 2004 Usque
234 1935 284 1988 sub
303 1941 456 1990 extremum
474 1936 587 1989 brumae
604 1936 785 1990 intractabilis
802 1937 931 1999 imbrem,

119 2007 144 2060 N
147 2026 178 2063 ee
196 2027 249 2063 non
268 2015 297 2064 et
315 2012 362 2064 lini
381 2016 502 2079 segetem
521 2016 550 2064 et
569 2012 682 2065 Cereale
700 2029 818 2080 papaver

119 2084 236 2155 Tempus
249 2087 331 2140 humo
344 2093 448 2154 tegere,
462 2090 490 2140 et
502 2086 660 2140 iamdudum
673 2088 828 2140 incumbere
840 2089 947 2155 aratris,

119 2161 190 2215 Dum
209 2164 279 2216 sicea
297 2162 396 2216 tellure
413 2163 485 2228 licet,
505 2163 570 2214 dum
588 2162 680 2216 nubila
698 2163 825 2232 pendent.

119 2237 192 2293 Vere
211 2238 280 2291 fabis
300 2239 383 2304 satio;
403 2242 462 2292 tum
481 2242 509 2292 te
528 2227 643 2307 quoque,
664 2238 777 2301 Medica,
796 2211 921 2323 putrosf
935 2254 971 2294 ars

119 2313 267 2383 Accipiunt
285 2317 357 2379 sulci,
378 2320 406 2369 et
425 2316 498 2368 milio
516 2315 591 2368 venit
610 2331 698 2368 annua
716 2332 788 2379 eura,

119 2389 256 2444 Candidus
275 2393 377 2446 auratis
395 2392 484 2460 aperit
501 2408 562 2444 cum
581 2389 707 2444 cornibus
725 2407 823 2446 annum

117 2464 229 2533 seems,
250 2473 279 2520 ct
297 2467 412 2522 adverso
430 2468 529 2522 cedens
548 2467 630 2520 Canis
648 2467 746 2520 occidit
764 2472 844 2521 astro.

117 2543 158 2596 At
176 2543 198 2595 si
218 2545 351 2597 triticeam
370 2545 397 2597 in
417 2561 532 2598 messem
551 2543 717 2610 robustaque
735 2543 808 2596 farra

117 2618 264 2672 Exercebis
282 2620 394 2674 humum
414 2620 530 2686 solisque
548 2617 663 2672 instabis
681 2619 779 2685 aristis,
935 2633 971 2670 rao

117 2697 192 2750 Ante
210 2695 261 2750 tibi
281 2697 355 2750 ane
374 2695 533 2750 Atlantides
551 2694 753 2748 abscondantur

117 2771 270 2840 Gnosiaque
289 2772 411 2826 ardentis
430 2771 548 2826 decedat
566 2771 646 2824 stella
665 2771 793 2837 Coronae,

117 2842 218 2904 Debita
235 2867 316 2916 quam
335 2848 414 2902 sulcis
433 2849 587 2903 committas
606 2848 715 2912 semina,
734 2862 870 2915 quamque

117 2924 224 2979 Invitae
242 2943 373 2995 properes
392 2926 455 2978 anni
474 2943 549 2994 spem
568 2924 681 2977 credere
700 2928 798 2977 terrae.

116 2999 197 3056 Multi
215 3005 279 3056 ante
300 3019 423 3055 oceasum
443 3001 532 3054 Maiae
551 3019 682 3069 eoepere;
703 2999 830 3053 sedilios
933 3011 970 3052 aas

118 3079 283 3148 Exspectata
303 3096 381 3146 seges
401 3079 477 3130 ranis
496 3078 577 3130 elusit
594 3078 691 3131 aristis.

116 3155 144 3208 Si
161 3173 227 3210 vero
246 3156 396 3223 viciamque
415 3171 492 3208 seres
508 3155 642 3221 vilemque
660 3150 800 3221 phaselum

117 3231 175 3287 Nee
195 3232 350 3288 Pelusiacae
369 3247 461 3286 curam
480 3229 662 3298 aspernabere
682 3227 769 3292 lentis,
