2174 3502
358 155 543 204 AENEIDOS
561 155 629 204 LIB.
650 154 728 202 VIII.
928 151 974 200 243

121 239 223 308 Stirpis
241 237 277 292 ab
295 237 422 303 Ascanio,
440 239 615 305 pugnatsque
632 236 660 290 iu
679 239 774 292 ordine
793 237 871 291 bella.

120 316 242 369 Fecerat
259 317 289 368 et
306 313 387 367 viridi
405 312 489 366 letam
507 312 641 367 Mavortis
658 312 687 366 ia
705 319 783 367 antro
938 325 975 364 mo

121 391 305 445 Procubuisse
322 391 429 459 lupem3
446 390 569 456 geminos
586 389 649 443 huie
666 389 752 442 ubera
769 392 870 444 circum

121 467 237 521 Ludere
254 466 400 536 pendentis
418 481 524 533 pueros,
543 468 573 518 et
590 464 711 520 lambere
728 469 844 520 matrem

121 544 289 613 Inpavidos3
305 543 380 596 illem
397 541 482 595 tereti
499 541 605 596 cervice
623 542 751 596 reflexam

120 620 248 676 Mulcerc
266 621 393 684 alternos,
413 622 441 671 et
458 634 572 686 corpora
589 619 694 686 fingere
711 619 810 686 lingua

120 697 148 750 N
150 713 184 750 ec
194 697 289 765 procul
300 696 363 748 hine
376 695 491 747 Romam
500 698 529 747 et
541 698 634 763 raptas
642 695 705 748 sine·
713 712 788 749 nrore
801 695 915 750 Sabinos
937 710 973 748 css

121 773 261 826 Consessu
277 789 383 838 caveae,
401 771 506 838 magnis
526 770 699 825 Circensibus
717 772 793 837 actis,

123 849 292 911 Addiderat,
311 847 457 915 subitoque
476 863 575 900 novum
592 863 756 915 consurgere
774 847 875 902 bellum

122 925 280 978 Romulidis
298 925 431 993 Tatioque
449 923 507 976 seni
527 923 699 992 Curibusque
716 925 826 978 severis.

123 1000 193 1054 Post
211 1001 284 1053 idem
303 1002 376 1053 iuter
393 1016 423 1052 se
440 1000 530 1068 posito
548 1000 696 1054 certamine
713 1017 792 1068 reges

123 1077 236 1130 Armati
255 1077 328 1130 lovis
345 1079 410 1129 ante
426 1091 501 1128 eram
519 1079 683 1144 paterasque
702 1080 827 1130 tenentes
936 1089 972 1128 esi

123 1153 243 1206 Stabant
261 1157 291 1207 et
309 1169 387 1206 caesa
404 1151 555 1219 iungebant
572 1150 685 1206 foedera
701 1169 791 1220 porea.

123 1229 213 1283 Haud
229 1229 322 1297 procul
340 1228 405 1281 inde
423 1228 494 1281 citae
512 1227 633 1280 Mettum
651 1228 679 1281 in
697 1229 805 1282 diverse
823 1227 971 1296 quadrigae

123 1305 360 1358 Distulcraat-at
377 1307 410 1358 ta
428 1303 516 1369 dictis,
536 1303 653 1371 Albane,
671 1309 844 1358 maneres!-

123 1381 320 1449 Raptabatque
339 1381 389 1434 viri
405 1380 544 1433 mendacis
562 1379 666 1432 viscera
684 1380 777 1434 Tullus

123 1457 180 1510 Per
198 1457 300 1522 silvam,
319 1461 348 1510 et
365 1456 451 1525 sparsi
468 1455 600 1508 rorabant
617 1456 747 1522 sanguine
763 1471 867 1524 vepres.
935 1470 970 1508 css

123 1534 184 1586 Nee
203 1549 255 1585 non
274 1532 450 1601 Tarquinium
469 1532 586 1585 eiectum
606 1531 746 1584 Porsenna
761 1530 876 1585 iubebat

123 1609 268 1676 Accipere,
285 1609 444 1676 ingentique
463 1608 558 1662 urbem
577 1605 717 1662 obsidione
734 1607 894 1677 premebam

124 1683 274 1746 Aeneadae
292 1685 319 1737 in
337 1684 441 1737 ferrum
459 1700 509 1752 pro
527 1684 657 1738 libertate
674 1684 799 1739 ruebant.

123 1761 209 1814 Illum
227 1760 379 1827 indignanti
396 1759 520 1826 similem,
538 1761 709 1828 similemque
727 1760 841 1814 minanti

124 1836 280 1904 Aspieeres,
296 1839 406 1904 pontem
425 1836 540 1889 auderet
558 1837 622 1903 quie
639 1837 739 1890 vellere
758 1837 858 1903 Coeles,
934 1850 972 1888 eso

124 1914 163 1966 Et
180 1911 292 1964 fluvium
310 1912 404 1965 vinclis
421 1911 530 1965 innaret
549 1912 651 1966 Cloelia
668 1913 765 1980 ruptis.

125 1989 159 2042 In
179 2004 284 2042 summo
302 1993 393 2042 custos
412 1988 542 2056 Taqieiee
561 1989 679 2042 Manlius
697 1989 766 2041 arcis
804 2015 808 2024 ·

124 2064 225 2118 Stabat
242 2081 292 2133 pro
309 2065 412 2132 templo
430 2068 459 2117 et
477 2065 612 2134 Capitolia
629 2065 701 2118 celsa
719 2063 839 2130 tenebat,

125 2141 313 2208 Romuleoque
330 2157 426 2193 recens
444 2140 572 2194 horrebat
590 2141 665 2208 regia
682 2139 780 2192 culmo.

125 2219 221 2284 Atque
238 2216 283 2269 hic
299 2217 401 2269 auratis
419 2215 535 2269 volitans
552 2220 697 2284 argenteus
715 2231 795 2270 anser
936 2230 973 2269 aso
1067 2213 1068 2216 ’

125 2291 282 2345 Porticibus
300 2291 392 2345 Gallos
409 2293 437 2345 in
455 2292 548 2346 limine
566 2293 662 2346 adesse
680 2291 809 2356 canebat3

125 2368 197 2422 Galli
215 2384 266 2436 per
284 2367 381 2420 dumos
398 2367 520 2435 adereat,
538 2385 683 2437 eroumque
701 2367 840 2434 tenebant,

126 2444 239 2498 Defensi
257 2443 379 2498 tenebris
397 2447 426 2498 et
444 2444 515 2498 dono
533 2445 620 2498 noctis
639 2462 754 2514 opacam

126 2521 222 2574 Aurea
239 2520 373 2574 caesaries
390 2521 458 2587 ollis,
476 2524 560 2588 atque
578 2537 662 2574 aurea
679 2522 778 2586 vestis;

127 2595 250 2664 virgatis
267 2595 360 2649 lucent
377 2597 492 2664 sagulis3
511 2601 570 2650 tum
588 2598 676 2651 lactea
694 2597 762 2650 eolla
939 2609 975 2648 mo

127 2676 204 2726 Auro
222 2672 412 2737 innectuntur;
431 2673 485 2725 duo
503 2673 619 2742 quisque
638 2673 738 2742 Alpina
756 2674 898 2726 coruscant

126 2749 217 2802 (laesa
235 2764 324 2815 manu,
344 2749 427 2802 scutis
445 2749 561 2817 protecti
580 2766 692 2818 corpora
710 2748 804 2816 longis.

84 2893 89 2901 ι
127 2825 181 2878 Hic
199 2824 362 2878 exsultantis
382 2825 475 2890 Salios,
493 2826 637 2894 nudosque
656 2826 801 2894 Lupercos,

126 2900 330 2968 Lanigercsque
347 2901 444 2968 apices,
464 2906 492 2954 et
510 2902 586 2969 lapsa
603 2903 699 2955 ancilis
717 2901 791 2954 caelo
831 2929 834 2936 ·

126 2976 296 3040 Extuderat3
320 2983 411 3029 castae
430 2977 568 3030 ducebant
585 2993 661 3030 secra
677 2993 728 3046 per
746 2975 842 3028 urbem
939 2990 976 3030 ost

127 3051 243 3105 Pileatis
260 3057 364 3106 matres
381 3054 408 3106 in
425 3053 562 3107 mollibus.
599 3053 672 3106 Hinc
689 3051 783 3120 procul
801 3049 881 3103 addit

126 3128 272 3182 Tartareas
290 3129 372 3182 etiarn
391 3129 478 3197 sedes,
496 3130 552 3184 alta
569 3130 638 3182 ostis
656 3127 736 3193 Ditis,

128 3203 163 3258 llt
181 3203 314 3258 scelerum
332 3221 440 3272 poenas,
459 3209 488 3259 et
504 3210 542 3262 te.
562 3204 686 3262 Catilina,
703 3200 801 3254 minaei
