2154 3518
353 163 559 214 GEORGIOON
577 165 645 213 LIB.
666 165 703 214 11.
925 170 954 219 ll'

139 251 219 318 Quod
229 251 361 318 superest,
372 265 559 317 quaecumque
569 264 676 317 premes
686 250 805 318 virgulta
811 267 862 319 per
869 267 954 318 agros,

101 330 209 397 Sparge
227 328 290 378 fimo
308 324 409 394 pingui,
428 329 457 378 ct
475 325 561 378 multa
579 342 682 378 memor
701 326 791 380 occule
809 331 892 394 terra,

102 406 164 458 Aut
182 403 300 471 lapidem
320 401 450 467 bibulum,
470 405 518 454 aut
537 401 687 468 squalentis
706 381 797 456 inlode
815 404 935 468 conchas,

103 481 184 534 Inter
202 479 275 532 enirn
293 477 419 530 labentur
438 494 532 545 aquae,
553 479 698 546 tenuisque
717 479 820 532 subibit
883 529 903 568 υ

103 557 223 622 Halitus,
237 558 319 622 atque
332 552 435 606 animos
449 553 546 607 tollent
560 557 635 618 sata;
648 555 756 623 iamque
768 557 881 624 reperti,
919 571 955 608 aso

103 633 157 696 Qui
176 649 240 685 saxo
260 647 341 698 super
360 633 443 697 atque
463 629 581 696 ingentis
599 631 719 698 pondere
738 636 826 684 testae

103 707 277 774 Urguerent3
296 707 347 760 hoc
366 707 464 760 effusos
482 707 620 760 munimen
639 706 675 758 ad
692 707 794 775 imbris,

104 784 166 836 lloc
184 783 230 836 ubi
248 782 336 836 hiulca
355 782 401 835 siti
420 782 499 835 findit
518 782 591 835 canis
609 783 722 836 aestifer
739 799 812 837 arva.

140 859 293 914 Seminibus
311 858 415 928 positis,
435 863 562 926 superest
580 859 709 913 diducere
727 863 829 913 terrain

103 936 217 1003 Saepius
236 935 272 988 ad
290 935 386 1011 Q>
405 937 434 988 et
452 935 534 988 duros
553 936 654 988 iactare
672 935 798 999 bidentis
918 949 955 988 255

105 1013 164 1065 Aut
182 1029 275 1080 presso
294 1028 421 1065 exercere
440 1012 525 1065 solum
544 1012 594 1064 sub
612 1029 728 1080 vomere,
747 1014 852 1081 etipsa

104 1089 230 1142 Flectere
247 1088 376 1140 luctantis
394 1087 466 1141 inter
483 1089 575 1142 vineta
592 1089 730 1153 iuvencos;

104 1165 173 1218 Tum
190 1165 257 1218 levis
275 1165 391 1219 calamos
410 1169 439 1218 et
457 1182 533 1219 resae
552 1166 660 1219 hastilia
678 1167 769 1234 virgae

105 1242 310 1310 Fraxineasquc
328 1246 423 1310 aptare
442 1243 531 1308 sudes,
551 1243 696 1311 furcasque
715 1244 838 1310 valentis,

104 1317 217 1371 Viribus
236 1319 303 1371 eniti
321 1335 437 1386 quarum
456 1322 485 1370 et
503 1322 678 1372 contemnere
697 1325 791 1373 ventos
807 1319 829 1358 0
918 1331 954 1371 aa)

105 1395 286 1459 Adsuescant,
305 1411 478 1462 summasque
498 1395 574 1463 sequi
594 1395 717 1448 tabulata
733 1413 782 1464 per
801 1396 895 1450 ulmos.

139 1474 183 1524 Ac
201 1471 266 1524 dum
285 1471 374 1540 prima
391 1472 465 1524 novis
484 1471 615 1523 adolescit
633 1471 773 1524 frondibus
791 1477 873 1538 aetas,
885 1485 905 1522 υ

104 1547 276 1601 Parcendum
296 1548 406 1611 teneris,
425 1551 461 1615 et,
480 1547 544 1599 duur
565 1564 594 1600 se
613 1548 699 1600 luctus
719 1548 753 1600 ad
771 1565 850 1601 arnas

105 1624 213 1682 Palnres
231 1623 288 1691 agit
307 1622 375 1674 laxis
393 1639 443 1689 per
461 1639 558 1692 purum
578 1623 703 1676 inmissus
721 1624 841 1691 habenis,

106 1699 170 1768 lpsa
187 1700 243 1752 acie
262 1698 382 1752 nondum
399 1699 475 1752 salcis
493 1700 661 1768 temptanda,
680 1701 727 1754 sed
746 1701 821 1754 uncis
918 1715 955 1752 scs

106 1775 265 1843 Carpendae
283 1775 407 1828 manibus
425 1775 544 1843 frondes,
563 1776 689 1844 interque
707 1777 850 1844 legendae:

106 1851 176 1904 Indo
194 1851 239 1903 ubi
256 1852 310 1903 iani
330 1852 424 1904 validis
444 1851 586 1920 anrplexae
606 1852 736 1921 stirpibus
753 1854 840 1906 ulmos

106 1927 237 1994 Exierint,
256 1931 321 1980 tunc
340 1929 445 1995 stringe
464 1945 561 1996 comas,
581 1933 646 1982 tunc
664 1929 787 1983 bracchia
805 1930 903 1994 tonde;

107 2005 181 2056 Ante
199 2003 378 2056 reformidant
397 2004 515 2067 ferrum;
534 2009 592 2056 tum
611 2005 730 2072 denique
749 2005 817 2058 dura

106 2079 209 2132 Exerce
228 2079 339 2147 inperia,
359 2085 388 2132 et
406 2096 495 2132 ramos
515 2097 653 2147 compesce
666 2081 787 2134 tluentis.
919 2097 955 2136 aro

141 2155 284 2208 Texendae
302 2172 397 2223 saepes
417 2155 499 2208 etiam
519 2160 547 2208 ct
565 2172 648 2223 pecus
666 2174 746 2211 omne
764 2159 919 2223 tenendum,

107 2231 255 2300 Praecipue
274 2231 340 2284 dum
358 2232 432 2286 frons
450 2233 553 2286 tenera*
564 2233 766 2302 inprudensque
783 2235 920 2296 laborum;

108 2305 156 2362 Cui
174 2325 256 2376 super
274 2307 396 2375 indignas
415 2309 519 2362 hiemes
538 2310 677 2379 solemque
695 2316 834 2380 potentem

108 2384 250 2438 Silvestres
268 2385 310 2437 uri
329 2385 443 2440 adsidue
461 2402 630 2456 capreaeque
649 2405 778 2456 sequaces

109 2460 245 2528 lnludunt,
264 2467 412 2531 pascuntur
430 2480 494 2517 oves
513 2464 663 2533 avidaeque
682 2466 816 2519 iuvencae.
921 2479 956 2518 375

108 2535 220 2605 Frigora
238 2557 287 2592 nec
306 2543 414 2594 tantum
433 2557 499 2593 cana
519 2546 644 2594 concreta
662 2543 765 2609 pruina,

108 2614 166 2666 Aut
183 2615 272 2681 gravis
291 2615 450 2669 incumbens
470 2617 585 2684 scopulis
604 2617 743 2672 arentibus
761 2623 858 2685 aestas,

55 2749 56 2752 Ἴ
109 2689 244 2752 Quantum
262 2691 301 2744 illi
319 2709 435 2745 nocuere
454 2710 559 2761 greges,
581 2694 697 2762 durique
716 2711 847 2749 venenum

107 2762 204 2819 Dentis
222 2771 251 2820 et
269 2767 394 2822 admorso
413 2770 520 2837 signata
538 2769 565 2822 in
584 2771 669 2839 stirpe
687 2772 805 2825 cicatrix.

108 2841 167 2895 Non
186 2843 265 2897 aliam
284 2845 443 2914 obeulpam
463 2847 569 2899 Baccho
587 2864 668 2916 caper
687 2849 809 2902 omnibus
827 2849 881 2901 aris
919 2861 955 2899 aso

109 2917 237 2972 Caeditur
255 2926 284 2974 et
303 2925 410 2976 veteres
429 2923 523 2976 ineunt
541 2925 698 2990 proscaenia
715 2924 778 2992 ludi,

109 2993 285 3064 Praemiaque
303 2999 417 3066 ingeniis
435 3017 518 3068 pagos
538 3004 566 3053 et
585 3002 703 3070 compita
721 3005 821 3055 circum

109 3070 238 3126 Thesidae
255 3090 378 3142 posuere,
396 3079 480 3143 atque
498 3076 572 3129 inter
589 3077 684 3145 pocula
702 3077 766 3130 laeti

108 3145 235 3201 Mollibus
252 3151 279 3203 in
297 3153 383 3219 pratis
402 3155 497 3205 unctos
516 3153 620 3206 saluere
638 3170 689 3222 per
706 3155 790 3206 utres.

108 3221 235 3278 Necnon
256 3227 379 3295 Ausonii,
397 3228 478 3282 Troia
495 3245 563 3296 gens
581 3231 669 3292 missa,
688 3229 773 3282 coloni
919 3239 956 3278 ³⁸⁵
