2152 3506
400 161 474 207 AEN
479 161 581 208 EIDOS
600 161 669 208 LIB.
690 161 741 209 ΙΙΙ.
954 163 999 208 125

174 243 256 311 Inde,
276 242 324 296 ubi
342 242 432 310 prima
450 241 520 294 fides
538 241 644 310 pelago,
663 242 823 310 plaeutuque
843 243 917 296 venti

136 321 215 374 Dant
225 320 313 372 marie
324 323 354 372 et
366 318 434 371 lenis
446 317 584 387 crepitans
596 322 675 372 vocat
687 323 781 372 auster
790 320 819 372 in
832 319 925 386 altum,
976 333 1000 375 ro

137 397 289 450 Deducunt
307 395 372 447 socii
392 395 466 446 nauis
485 398 514 446 ot
532 394 613 446 litore
631 395 766 463 conplent.

139 471 321 525 Provehimur
339 473 429 539 portu,
448 475 594 538 terraeque
612 469 750 539 urbesque
769 470 906 525 recedunt.

137 549 224 602 Sacra
241 547 308 599 mari
327 546 427 599 colitur
445 545 536 598 medio
553 546 709 612 gratissima
727 547 810 600 tellus

138 623 292 677 Nereidum
310 623 391 674 metri
411 625 440 674 et
459 621 588 688 Neptuno
608 623 727 690 Aegaeo,

138 701 229 766 Quam
248 699 309 768 pius
327 699 493 766 Arcitepens
512 713 573 750 oras
592 701 621 751 et
640 698 719 752 litora
737 700 837 752 circum
975 713 999 754 75

138 773 287 830 Errantem
307 774 421 842 Mycono
439 791 455 828 e
475 774 547 827 celsa
566 774 710 843 Gyaroque
729 777 854 837 revinxit,

139 850 334 919 Immotumque
351 850 403 903 ooli
422 849 501 903 dedit
520 854 548 903 et
567 853 741 906 contemnere
760 855 862 906 ventos.

142 928 204 982 Huc
222 928 310 992 feror3
329 926 395 979 haec
413 926 498 980 fessos
516 929 577 979 tuto
596 927 779 994 placidissima
796 935 878 996 portu

140 1004 257 1072 Accipit.
296 1003 405 1070 Egressi
425 1019 586 1056 veneremur
605 1003 739 1071 Apollinis
757 1004 860 1058 urbem.

140 1081 201 1134 Rex
217 1080 312 1146 Anius,
324 1096 374 1132 rex
386 1078 460 1132 idem
474 1079 610 1132 hominnm
627 1079 784 1149 Phoebique
796 1081 930 1147 sacerdos,
974 1097 999 1135 so

138 1156 227 1210 Vittis
245 1154 274 1209 et'
291 1171 369 1208 sacre
386 1155 529 1208 redimitus
547 1160 672 1223 tempora
690 1155 773 1222 lauro,

139 1232 282 1296 Occurrit3
299 1235 420 1284 veterem
441 1230 579 1284 Anchisen
598 1231 741 1298 adgnoscit
758 1233 882 1288 amicum.

140 1309 284 1376 Iungimus
303 1307 421 1378 hospifio
430 1306 559 1396 dextras,
578 1311 607 1360 et
625 1311 700 1360 tectu
719 1307 846 1369 subimus.

176 1385 289 1454 Templa
307 1383 351 1437 dei
371 1400 435 1437 saxo
455 1383 604 1437 venerabar
623 1387 728 1437 structa
746 1388 868 1437 vetusto:

139 1461 185 1514 De
197 1461 344 1529 propriam,
358 1459 535 1527 Thymbraee,
548 1453 674 1524 doinum;
687 1459 723 1513 da
735 1460 842 1512 moenia
852 1459 931 1513 fessis
974 1474 998 1530 qe

140 1538 178 1590 Et
195 1553 282 1604 genus
300 1539 329 1590 et
347 1553 502 1589 mansuram
521 1536 632 1601 nrbem3
650 1553 728 1589 sorve
745 1537 832 1612 altem
851 1535 946 1589 Troiae

140 1615 284 1680 Pergama,
302 1612 431 1680 reliquias
450 1612 575 1665 Densum
595 1615 678 1680 etque
698 1613 801 1666 inmitis
820 1611 927 1666 Achilli.

139 1691 229 1754 Quem
248 1689 406 1756 sequimurl
424 1705 511 1757 quove
528 1689 570 1741 ire
588 1688 684 1742 iubcsl
702 1689 748 1741 ubi
759 1693 866 1760 ponere
884 1688 980 1742 scdcsl

139 1767 191 1832 Da,
210 1769 296 1834 peter,
315 1766 465 1832 augurium,
485 1769 569 1832 atque
588 1766 685 1818 aninris
704 1765 825 1820 inlabere
843 1766 950 1818 nostris.

176 1841 231 1894 Vix
245 1859 278 1895 ca
290 1843 362 1894 fatus
374 1857 462 1895 eram:
480 1845 599 1895 tremere
614 1844 704 1896 omnia
716 1844 774 1896 visa
785 1847 905 1910 reponte,
974 1855 999 1893 eo

140 1919 302 1986 Liminaque
320 1908 466 1985 laurusque
484 1919 535 1982 dei,
553 1921 684 1986 totusque
702 1920 804 1972 moveri

140 1995 221 2048 Mons
239 1995 347 2055 circum,
366 1997 396 2045 et
413 1994 518 2060 mugire
537 1993 626 2068 adptis
646 1996 751 2066 cortina
768 1995 886 2064 reclusis.
982 2023 986 2030 ·

140 2070 274 2123 Submissi
293 2069 412 2137 petimus
430 2073 539 2135 terram,
559 2075 587 2122 et
594 2063 657 2122 *vox
677 2061 765 2124 fcr‘tur
782 2063 818 2123 ad
836 2071 921 2126 auris:

140 2145 318 2198 Dardanidae
336 2145 406 2214 duri,
424 2162 494 2213 quse
512 2163 559 2200 vos
578 2162 594 2198 e
612 2147 697 2212 stirpe
715 2150 859 2214 parentum

142 2222 235 2275 Prima
252 2221 317 2274 tulit
336 2222 424 2288 tellus,
444 2223 541 2276 eedem
559 2240 606 2276 vos
624 2222 709 2274 ubero
728 2222 801 2275 laeto
974 2241 998 2280 oe

143 2298 268 2365 Accipiet
286 2297 408 2351 reduces.
445 2301 595 2368 Antiquam
614 2299 750 2365 exquirite
767 2304 889 2354 matrem.

142 2375 197 2427 Hic
215 2374 312 2428 domus
333 2376 444 2428 Aeneae
462 2376 565 2428 cunctis
585 2374 770 2429 dominabitur
787 2377 848 2443 orie,

143 2452 179 2502 m
197 2451 253 2503 uati
272 2454 406 2517 natorum,
426 2456 455 2505 ct
475 2453 521 2520 qui
541 2457 688 2506 nascentur
705 2453 739 2505 ab
758 2450 817 2505 illis.

93 2529 96 2540 '
144 2526 220 2579 Haec
240 2526 379 2594 Phoebus;
398 2529 537 2597 mixtoque
554 2529 650 2596 ingens
669 2532 763 2582 exorta
780 2529 901 2583 tumultu

142 2603 268 2667 Laetitia,
280 2607 310 2656 et
321 2605 420 2671 cuncti,
433 2623 503 2674 qnae
516 2608 571 2660 sint
583 2624 616 2660 ea
628 2606 741 2672 moenia,
753 2610 895 2672 quaerunt,
964 2621 999 2659 1oo

143 2679 204 2743 Quo
223 2678 348 2740 Phoebus
368 2686 446 2735 vocet
466 2684 582 2736 errantis
603 2681 750 2748 iubeatque
768 2682 886 2735 revertil

142 2755 212 2808 'lum
229 2756 345 2824 genitor,
364 2763 487 2813 veterum
507 2760 617 2813 volvens
636 2765 811 2813 monumenta
829 2759 956 2826 virorum,

143 2830 256 2893 Audite,
275 2849 291 2885 0
309 2842 443 2904 proceres,
461 2837 507 2902 ait,
527 2843 556 2891 ct
574 2853 636 2908 spes
655 2836 752 2889 discite
770 2839 889 2889 vestras:
940 2873 943 2879 -

144 2907 227 2961 Creta
246 2908 319 2962 Iovis
336 2913 428 2979 magni
445 2913 536 2967 medio
554 2915 624 2968 iacet
642 2914 731 2967 insula
747 2917 844 2980 ponto;

143 2982 224 3036 Mons
243 2985 344 3039 Idaeus
363 2987 418 3056 ubi,
437 2993 466 3043 et
484 2991 572 3058 gentis
592 2990 725 3044 cunabula
743 2991 860 3040 nostrae.
964 2999 1000 3038 ros

143 3059 261 3114 Centum
280 3061 361 3116 urbes
379 3063 506 3119 habitant
524 3065 913 3133 magnas,ubcrrin1aregna;

144 3134 290 3190 Maxumus
308 3140 382 3192 unde
400 3146 486 3210 pater,
506 3144 528 3195 si
548 3143 601 3194 rite
619 3141 712 3192 audita
730 3135 867 3199 recordor,

144 3211 265 3266 Teucrus
287 3213 423 3270 Rhoeteus
442 3218 557 3286 primunr
578 3219 620 3268 est
638 3214 768 3266 advectus
785 3209 820 3261 ed
839 3225 906 3274 oras,
