2152 3506
363 130 545 177 AENEIDOS
563 131 631 178 LIB.
653 126 705 177 111.
904 131 948 178 139

101 213 185 268 Haud
203 214 305 281 inpune
324 211 450 279 quidem;
468 227 517 263 nee
535 210 600 263 talia
618 227 714 278 passus
731 209 834 282 Ulixes,

100 291 245 343 Oblitusve
264 289 305 340 sui
324 291 366 340 est
385 287 496 339 Ithacus
516 287 669 340 discrimine
689 290 772 343 tanto.

101 367 172 420 Nam
192 366 273 418 simul
292 365 417 432 expletus
437 363 550 432 dapibus
569 364 686 432 vinoque
705 365 826 431 sepultus
920 380 956 419 ceo

102 445 243 497 Gerrieem
261 441 389 493 inflexam
407 441 503 508 posuit,
521 441 658 509 iacuitque
676 459 726 510 per
745 446 852 495 autrum

103 521 254 586 inmensus,
274 518 376 570 saniem
395 520 521 570 eructans
539 519 568 568 et
585 516 672 569 frusta
690 521 803 570 cruento

103 596 156 649 Per
173 612 299 648 somnum
317 593 464 647 commixta
481 609 565 660 mero,
583 609 640 660 nos,
657 610 755 661 magua
773 595 875 661 precati

103 673 221 725 Numina
240 671 384 739 sortitique
402 670 481 737 vices,
499 685 554 721 una
571 669 690 737 undique
709 671 808 723 circum

103 749 263 814 Fundimur‚
282 751 312 800 et
329 747 385 799 telo
403 746 493 798 lumen
511 745 684 798 terebramus
703 751 790 813 acuto,
919 752 955 790 ⁶³³

103 825 212 892 Ingens,
234 823 308 893 quod
326 827 405 875 torva
423 821 508 874 solum
528 821 579 873 suh
598 822 688 875 fronte
706 822 818 889 latebat,

105 902 227 968 Argolici
245 899 324 967 clipei
343 903 390 951 ant
410 898 552 950 Phoebeae
570 899 704 967 lampadis
722 900 814 966 instar,

102 977 138 1030 llt
157 977 273 1030 tandem
291 976 355 1027 laeti
375 976 508 1028 sociorum
527 974 681 1026 ulciscimur
703 975 819 1029 urrrhras.

102 1054 157 1106 Sed
175 1053 272 1120 fugite,
291 1068 307 1103 o
325 1052 423 1116 miseri,
441 1051 535 1117 fugite,
554 1054 637 1118 atquc
656 1051 690 1103 ab
709 1052 789 1105 litore
807 1053 899 1106 hinem

102 1131 247 1199 ltumpite.
922 1144 957 1182 ero

102 1208 174 1258 Nam
194 1206 283 1274 qualis
301 1210 472 1274 quantusque
491 1223 555 1259 earo
576 1207 757 1276 Polyphemus
775 1207 802 1258 in
820 1211 899 1260 antro

105 1284 253 1350 lanigeras
271 1281 375 1334 claudit
393 1283 512 1349 pecudes
531 1287 614 1349 atquo
632 1282 718 1335 ubera
736 1286 849 1350 pressat,

103 1360 223 1412 Centum
243 1357 288 1410 alii
306 1374 388 1411 curva
405 1359 473 1411 haee
490 1358 616 1411 habitant
634 1359 670 1410 ad
688 1358 768 1410 litora
786 1359 864 1426 volgo

105 1434 215 1488 lufandi
235 1435 364 1502 Cyclopes
383 1439 411 1488 et
429 1435 492 1488 altis
510 1434 648 1487 montibus
668 1437 768 1487 errant.

102 1512 196 1564 Tertia
213 1511 268 1563 iam
287 1511 381 1564 Lunae
399 1529 428 1564 se
446 1528 546 1564 cornua
564 1512 665 1564 lumine
684 1512 818 1578 conplent,
923 1527 958 1566 sss

102 1588 174 1640 Cum
193 1587 278 1640 vitam
297 1587 324 1639 in
343 1587 415 1640 silvis
433 1588 505 1640 inter·
523 1588 633 1641 deserta
651 1589 768 1641 ferarum

101 1665 206 1717 Lustra
225 1662 373 1731 domosque
391 1664 479 1731 trahe,
497 1668 644 1732 vastosque
663 1665 697 1717 ab
716 1682 783 1733 rupe
803 1666 932 1733 Cyclopas

103 1740 252 1808 Prospicio,
271 1741 444 1808 sonitumque
463 1741 564 1808 pedum
583 1758 730 1809 vocemque
748 1748 888 1795 tremesco.

102 1816 217 1869 Victum
235 1816 376 1882 infelicem,
395 1815 476 1869 bacas
495 1817 672 1886 lapidosaque
693 1834 781 1884 corna,

102 1891 180 1944 Dant
198 1893 273 1960 rami,
292 1897 321 1945 et
340 1893 421 1944 volsis
439 1896 555 1961 pascunt
573 1891 710 1945 radicibus
728 1892 836 1945 herbae.
924 1906 960 1944 aso

102 1968 203 2020 Omnia
222 1969 397 2032 conlustrans,
417 1969 486 2022 hane
504 1969 622 2038 primum
641 1969 676 2020 ad
695 1969 776 2021 litora
794 1969 907 2022 classem

102 2045 243 2112 Conspexi
261 2045 421 2098 venientem.
459 2045 531 2098 Huic
549 2062 600 2111 mc,
622 2061 807 2112 quaecumque
826 2044 931 2113 fuisset,

103 2119 227 2173 Addixi:
246 2121 312 2174 satis
330 2125 373 2173 est
390 2125 502 2189 gentem
521 2123 646 2189 effugisse
665 2120 815 2173 nefandam.

102 2197 162 2248 Vos
180 2197 297 2250 animam
314 2197 384 2250 hanc
402 2199 492 2267 potius
511 2214 683 2267 quocumque
703 2197 839 2250 absumite
858 2197 919 2252 lete.

138 2273 196 2324 Vix
215 2290 247 2326 ea
263 2273 336 2327 fatus
355 2278 422 2342 erat,
441 2292 546 2328 summo
564 2292 625 2328 eum
643 2277 736 2328 monte
756 2273 878 2327 videmus
925 2291 960 2328 aas

103 2350 201 2418 Ipsum
219 2350 292 2403 inter
309 2343 429 2418 pecudes
447 2355 525 2404 vasta
544 2369 572 2405 se
590 2352 661 2404 mole
679 2355 834 2404 moventem

105 2425 249 2478 Pastorem
269 2427 464 2494 Polyphemum
483 2432 512 2481 et
529 2427 611 2481 litora
629 2433 694 2482 nota
712 2431 861 2496 petentem,

79 2511 88 2586 y
105 2501 261 2555 Monstrum
269 2501 444 2570 horrendum,
453 2505 576 2572 informo,
583 2506 686 2572 ingens,
693 2505 735 2556 eui
747 2504 839 2556 lumen
850 2507 960 2572 adomp-

104 2577 213 2630 Trunea
229 2595 312 2631 manu
330 2579 408 2647 pinus
426 2581 497 2648 regit
516 2584 545 2633 ct
564 2582 678 2649 vestigia
696 2581 803 2644 firmat;
882 2579 959 2647 [tuni.

105 2654 256 2722 Lanigerae
274 2657 439 2708 comitantur
458 2675 535 2722 oves3
553 2675 585 2710 ea
604 2658 660 2710 sola
678 2656 803 2724 voluptas
924 2671 960 2708 eoo

104 2730 290 2799 Solamenque
309 2732 380 2785 mali.

105 2807 255 2874 Postquam
274 2807 343 2860 altos
361 2810 454 2876 tetigit
472 2811 571 2862 fluctus
590 2819 620 2864 et
638 2810 674 2862 ad
692 2826 810 2877 aequora
828 2809 910 2875 venit,

104 2883 228 2936 Luminis
247 2884 337 2937 effossi
356 2885 470 2938 fluidum
489 2887 554 2939 lavit
572 2887 636 2940 inde
655 2902 788 2952 errrorem,

105 2959 242 3012 Dentibus
260 2961 418 3014 infrendens
436 2964 548 3030 gemitu,
566 2963 746 3031 graditurque
765 2979 815 3030 per
833 2977 938 3028 aequor

105 3036 166 3088 Iam
183 3036 312 3102 medium,
331 3039 447 3090 necdum
466 3039 564 3090 fluetus
582 3040 669 3092 latera
687 3040 773 3094 ardua
790 3037 879 3089 tinxit.
926 3051 962 3090 ses

105 3111 163 3164 Nos
181 3113 275 3178 procul
294 3113 357 3166 inde
375 3115 466 3180 fugam
485 3115 586 3178 trepidi
604 3116 730 3178 celerare,
749 3113 858 3176 recepto

104 3187 233 3254 Supplice
252 3189 290 3241 sie
308 3190 412 3253 merito,
430 3190 562 3254 tacitique
580 3189 700 3238 incidere
717 3187 824 3247 funom;

200 3269 229 3312 12
