2174 3502
91 105 138 152 230
318 99 348 148 P.
367 97 523 146 VERGILI
540 97 707 144 MAllONIS

90 181 239 236 'ferrentur
256 179 317 232 visu
334 178 433 246 subito,
452 177 596 245 cunctique
614 176 716 229 relictis

91 257 265 324 Consurgunt
282 255 390 309 mensis.
429 254 531 308 Audax
548 269 616 321 quos
634 269 761 320 rumpere
781 252 873 306 Pallas
907 269 945 307 11o

91 333 172 386 Sacra
190 335 274 400 vetat,
292 336 427 401 raptoque
445 330 518 384 volat
536 329 591 383 telo
610 329 705 382 obvius
723 330 790 398 ipse,

91 409 127 462 Et
144 408 238 477 procul
256 425 272 462 e
290 409 409 462 tumulo:
430 408 554 473 Iuvenes,
574 423 644 474 quae
663 422 757 458 caussa
776 405 887 474 subegit

91 485 203 552 Ignotus
221 489 357 552 temptare
374 484 448 536 viasl
467 499 521 550 quo
539 482 670 536 tenditis?
688 482 785 549 inquit.

91 561 143 625 Qui
162 560 356 629 genuslunde
374 559 472 613 domol
489 565 620 628 pacemne
631 558 683 612 huc
694 559 781 626 fertis,
798 577 833 613 an
852 561 948 615 armat

45 640 48 644 ’
91 638 158 690 Tum
176 640 257 706 pater
276 640 386 690 Aeneas
404 637 488 705 puppi
507 636 546 689 sic
564 636 638 689 futur
656 635 691 688 ab
708 635 771 702 ulta,
909 653 948 690 115

92 713 287 781 Paciferaeque
306 729 388 765 manu
405 729 510 765 ramum
529 713 688 780 praetendit
705 713 805 767 olivae:

91 791 257 857 Troiugenas
275 805 307 842 ac
325 788 380 841 tela
397 787 474 841 vides
491 788 600 842 inimica
618 788 732 856 Latinis,

92 867 164 929 Quos
182 866 221 918 illi
239 865 311 917 bello
329 865 458 932 profugos
477 881 559 931 egere
577 865 701 934 superbo.

91 942 249 995 Euandrum
267 941 393 1010 petimus.
431 941 515 994 Ferte
533 942 607 1007 haec,
626 945 655 995 et
673 941 756 996 dicite
773 942 859 996 lectos

91 1019 244 1071 Dardaniae
262 1019 367 1071 venisse
386 1017 476 1084 duces
495 1018 567 1070 socia
584 1035 660 1071 arma
676 1020 803 1086 rogantis.
908 1032 948 1071 lae

92 1095 233 1163 Obstipuit
251 1097 330 1148 tanto
348 1095 489 1162 perculsus
507 1095 614 1148 nomine
634 1095 737 1148 Pallas:

91 1171 230 1238 Egrcdere
248 1187 264 1223 ο
283 1171 446 1238 quicumque
465 1187 502 1236 es,
522 1171 568 1237 ait,
586 1187 731 1238 coramque
748 1173 891 1238 parentem

92 1247 257 1316 Adloquere
276 1264 307 1300 ae
324 1247 425 1299 nostris
443 1247 557 1300 succede
574 1247 719 1314 penatibus
735 1246 840 1315 hospes.

60 1317 65 1330 ⁸
91 1323 259 1393 lecepitque
277 1340 366 1389 manu,
386 1322 567 1390 dextramque
584 1323 727 1391 amplexus
744 1323 869 1378 inhaesit.

91 1399 232 1468 Progressi
251 1401 369 1453 subeunt
386 1399 453 1464 luco,
472 1399 639 1467 fluviumque
656 1400 820 1468 relinquunt.
908 1414 948 1454 ηε

125 1477 192 1528 'lum
210 1494 302 1543 regem
322 1477 431 1528 Aeneas
450 1475 531 1529 dietis
549 1475 659 1530 adfatur
677 1475 784 1530 amicis:

91 1551 209 1620 Optume
228 1553 420 1618 Graiugenum,
438 1552 482 1604 cui
499 1569 543 1605 me
562 1552 683 1606 Fortuna
701 1553 806 1621 precari

91 1628 126 1682 Et
144 1630 212 1682 vitta
230 1631 355 1697 comptos
373 1628 460 1682 voluit
478 1629 660 1696 praetendere
678 1645 776 1696 ramos,

91 1705 151 1757 Non
170 1705 298 1772 equidem
316 1705 438 1773 extimui,
457 1705 581 1758 Danaum
601 1706 674 1774 quod
693 1705 790 1758 ductor
806 1708 837 1760 et
856 1707 947 1759 Areas

91 1782 225 1849 Quodque
237 1782 271 1834 ab
285 1782 369 1850 sti1pe
381 1783 454 1836 fores
466 1783 579 1850 geminis
592 1783 751 1836 coniunctus
761 1781 886 1847 Atridis;
909 1795 948 1835 rso

92 1859 146 1910 Sed
164 1876 225 1911 mea
242 1875 286 1910 me
303 1859 391 1911 virtus
409 1863 438 1912 et
456 1862 550 1912 sancta
567 1859 676 1912 oracula
693 1859 793 1925 divom,

92 1935 259 2002 Cognatique
278 1939 378 2003 patres,
397 1938 446 1988 tua
463 1936 546 1989 terris
564 1935 653 1989 didita
669 1935 748 2001 fama,
782 2001 785 2006 Ι

92 2012 262 2064 Coniunrere
279 2011 338 2078 tibi,
357 2015 387 2065 et
403 2011 467 2065 fatis
486 2029 567 2080 egere
585 2012 728 2065 volentem.

92 2086 243 2155 Dardanus,
262 2087 361 2140 Iliacae
378 2088 482 2156 primus
500 2091 580 2155 pater
597 2089 674 2142 urbis
691 2092 721 2143 et
738 2091 840 2157 auctor,

92 2162 207 2231 Electra,
225 2167 256 2216 ut
275 2163 350 2216 Graii
368 2164 520 2232 perhibent,
542 2165 686 2218 Atlantide
704 2168 804 2231 cretus,
909 2179 947 2217 135
1049 2163 1053 2173 '

93 2240 247 2292 Advehitur
265 2239 397 2305 Teucros;
416 2241 553 2294 Electram
571 2257 714 2295 maxumus
732 2242 813 2295 Atlas

92 2315 193 2382 Edidit,
212 2315 347 2368 aetherios
365 2315 478 2369 humero
497 2318 544 2386 qui
563 2318 680 2372 sustinet
697 2317 778 2371 orbis.

91 2390 177 2443 Vobis
196 2391 347 2444 Mercurius
365 2394 445 2459 pater
463 2398 513 2460 est,
533 2411 615 2462 quern
633 2394 749 2447 candida
767 2393 841 2448 Maia

92 2467 217 2535 Cyllenae
235 2466 326 2535 gelido
344 2473 506 2538 conceptum
525 2471 627 2524 vertice
645 2471 732 2536 fudit;

92 2546 131 2597 At
150 2545 258 2611 Maiam,
277 2544 377 2598 auditis
395 2546 417 2598 si
437 2547 582 2615 quicquam
601 2547 745 2612 credimus,
765 2546 854 2611 Atlas,
912 2559 949 2598 uo

93 2620 171 2674 ldcrn
191 2622 271 2675 Atlas
289 2626 410 2691 generat,¹
428 2623 495 2676 caeli
514 2624 560 2692 qui
580 2623 670 2677 sidera
687 2624 766 2677 tollit.

92 2696 135 2749 Sic
152 2714 238 2764 genus
256 2697 397 2752 amborum
417 2699 516 2754 scindit
534 2717 563 2754 se
581 2701 711 2768 sanguine
729 2699 763 2752 ab
780 2715 841 2752 uno.

92 2771 144 2825 His
162 2773 250 2827 fretus
268 2791 322 2826 non
341 2775 447 2843 legatos
466 2793 556 2844 neque
573 2777 662 2844 prima
680 2793 730 2846 per
747 2779 835 2830 artem

92 2846 299 2915 Temptamcnta
316 2851 358 2902 tui
376 2851 482 2919 pepigi;
500 2869 552 2919 mc,
569 2869 614 2906 me
631 2853 689 2921 ipse
707 2868 852 2919 meumque

92 2921 186 2974 Obieci
204 2928 286 2990 caput
305 2928 334 2978 et
352 2928 468 2995 supplex
487 2928 523 2980 ad
540 2929 634 2981 limina
652 2929 721 2983 veni.
910 2939 947 2979 145

92 2993 164 3047 Gens
182 2999 285 3065 eodem,
304 3017 375 3067 quae
394 3005 431 3068 te,
450 3004 553 3056 crudeli
572 3004 679 3058 Daunia
695 3004 767 3058 bello

92 3067 265 3150 Insequitur3
283 3092 332 3128 nos
351 3077 373 3128 si
391 3078 502 3145 pellant,
521 3079 589 3132 nihil
607 3080 681 3132 afore
699 3079 823 3146 credunt,

27 3159 70 3176 ι-
92 3137 162 3188 dum
180 3157 287 3198 omnem
307 3149 470 3217 Hesperiam
489 3154 596 3220 penitus
613 3169 663 3206 sua
679 3153 809 3222 subiuga
823 3153 947 3218 mittant,
