2154 3518
119 137 151 182 62
358 138 384 186 l‘,
406 138 559 185 VERGlLI
579 137 747 186 MARONIS

118 215 309 288 Continuoque
326 236 425 290 greges
444 219 514 271 villis
532 218 593 286 lege
613 220 739 274 mollibus
757 221 838 274 albos.

118 291 200 346 illum
218 301 318 364 autern,
338 296 463 364 quamvis
481 296 553 348 aries
572 296 609 349 sit
627 296 761 350 candidus
779 298 846 367 ipse,

116 368 204 436 Nigra
223 372 318 426 subest
337 373 391 425 udo
409 377 518 425 tantum
537 372 580 425 cui
599 373 692 440 lingua
710 373 809 442 palato,

118 445 217 515 Reiiee,
235 465 269 501 ne
288 449 401 502 maculis
420 449 539 502 infuscet
558 448 660 502 vellera
679 450 760 517 pullis

118 521 292 592 Nascentum‚
311 525 446 593 plenoque
465 525 548 576 alium
567 525 746 593 circumspice
765 543 870 594 eampo.
952 544 993 583 aar

118 598 231 654 Munere
250 601 287 654 sie
305 604 383 654 niveo
403 601 486 664 lanae,
506 601 527 652 si
545 599 659 652 credero
679 601 792 668 dignum
811 607 863 669 est,

120 676 174 728 l'an
193 676 261 730 deus
282 678 418 731 Arcadiae
438 681 546 744 captam
564 679 602 741 te,
624 673 709 745 huni,
728 677 833 744 fefellit,

120 752 149 803 ln
168 769 279 806 nemora
297 755 353 806 alta
371 771 486 817 vocans;
503 770 553 806 nee
572 756 604 805 tu
622 759 769 822 aspernata
787 759 946 810 vocantem.

152 834 190 882 At
209 830 251 882 eui
270 831 347 884 lactis
366 847 448 896 amor,
467 830 581 898 cytisum
600 829 726 898 lotosque
745 831 898 899 frequentis

121 904 180 970 lpse
199 921 280 958 manu
299 907 439 975 salsasque
457 907 529 958 ferat
548 905 726 974 praesepibus
745 901 850 960 herbas.
947 926 986 962 sos

120 979 189 1034 llino
206 986 235 1034 et
253 988 346 1035 amant
365 982 459 1036 fluvios
478 983 572 1050 magis,
589 987 618 1034 et
637 983 723 1049 magis
742 983 828 1036 ubera
844 983 985 1046 tendunt,

120 1056 152 1108 lit
170 1057 233 1110 salis
251 1058 387 1111 oecultum
406 1059 575 1112 reserantia
595 1057 665 1110 luctc
685 1075 821 1126 saporem.

118 1131 197 1186 llulti
215 1133 269 1185 iam
287 1139 412 1187 excretos
431 1135 578 1204 prohibent
597 1151 613 1186 a
632 1134 766 1187 matribus
785 1134 898 1204 haedos,

121 1209 263 1278 Primaque
281 1211 392 1264 ferratis
411 1211 566 1278 praefigunt
586 1227 633 1263 ora
652 1211 785 1277 capistris.

117 1285 195 1348 Quod
213 1291 344 1355 surgente
363 1288 407 1341 die
426 1288 545 1340 mulsere
565 1287 694 1354 horisque
713 1287 825 1353 diurnis
944 1307 984 1345 eo

117 1362 204 1416 Nocte
223 1369 364 1431 premunt;
384 1363 458 1432 quod
478 1364 531 1415 iam
550 1363 673 1416 tenebris
692 1368 721 1415 et
740 1363 796 1416 sole
817 1363 950 1430 cadente,

117 1440 172 1491 Sub
191 1441 277 1492 lueem
297 1444 444 1508 exportant
464 1439 577 1492 calathis
598 1439 666 1504 (adit
685 1439 785 1507 oppida
803 1443 918 1507 pastor),

120 1521 176 1567 hut
194 1533 275 1582 pareo
293 1516 348 1568 sale
367 1515 530 1586 contingunt
549 1515 687 1581 hiemique
707 1519 847 1582 reponunt.

151 1589 176 1642 N
178 1607 208 1643 ee
227 1591 277 1643 tibi
297 1608 361 1643 eura
379 1607 476 1644 eanum
495 1591 579 1659 fuerit
598 1597 743 1656 postrema,
764 1591 885 1646 seduna

118 1667 223 1720 l'eloeis
242 1667 357 1734 Spartae
376 1667 479 1719 catulos
497 1683 643 1734 acremque
662 1666 810 1720 Molossum
944 1689 983 1726 405

117 1743 200 1796 Pasce
219 1760 279 1796 sere
298 1735 399 1816 pirgqi.
436 1743 594 1810 Numquam
613 1742 773 1796 custodibus
792 1743 844 1795 illis

116 1819 141 1871 N
143 1809 286 1872 oeturm'sm
306 1819 420 1872 stabulis
438 1813 526 1872 furem
544 1819 723 1886 incursusque
743 1819 875 1886 luporum,

75 1886 175 1948 ,Lasia
193 1896 331 1963 inpacatos
350 1913 366 1949 a
384 1900 463 1963 tergo
482 1894 608 1947 horrebis
629 1894 755 1947 Hiberos

116 1973 202 2038 Saepe
221 1973 303 2025 etiam
322 1990 403 2026 cursu
422 1971 533 2025 timidos
552 1971 670 2038 agitabis
689 1988 811 2038 onagros,

117 2049 281 2101 literalibus
300 2051 429 2117 leporem,
449 2048 561 2102 canibus
580 2047 715 2099 venabere
734 2047 858 2108 dammas
865 2069 871 2113 ;
943 2067 982 2105 410

116 2124 202 2192 Saepe
221 2126 368 2179 volutabris
386 2126 478 2194 pulsos
498 2123 669 2176 silvestribus
686 2140 766 2190 apros

117 2200 229 2254 Latratu
249 2202 373 2254 turbabis
392 2218 483 2268 agens,
503 2199 658 2266 montisque
677 2216 725 2267 per
744 2198 814 2252 altos

119 2275 261 2340 ingentem
281 2276 398 2329 elamore
418 2293 526 2344 premes
546 2276 581 2328 ad
600 2275 670 2327 retia
688 2292 804 2327 cervum.

151 2351 231 2404 Disce
250 2356 278 2404 et
297 2352 439 2404 odoratam
459 2351 573 2404 stabulis
593 2351 742 2404 accendere
760 2351 880 2418 cedrum,

116 2427 310 2496 Galbaneoque
329 2428 433 2494 agitare
452 2428 543 2495 gravis
562 2429 657 2480 nidore
677 2426 824 2494 chelydros.
939 2445 978 2484 415

116 2505 202 2570 Saepe
220 2503 270 2555 sub
288 2505 398 2557 inmotis
416 2504 596 2573 praesepibus
617 2508 665 2557 aut
684 2503 755 2556 mala
772 2507 849 2557 tactu

119 2579 218 2646 Vipera
237 2579 347 2634 delituit
365 2582 526 2650 caelumque
545 2581 680 2635 exterrita
698 2580 775 2647 fugit,

119 2657 175 2706 Aut
193 2660 266 2708 tecto
284 2657 415 2710 adsuetus
434 2659 545 2711 eoluber
565 2657 711 2710 succedere
730 2661 758 2709 et
776 2655 898 2722 umbrae,

121 2731 205 2784 i'estis
222 2731 320 2786 acerba
338 2733 428 2801 boum,
447 2736 593 2803 pecorique
612 2733 779 2802 adspergere
797 2731 878 2798 vimis,

120 2807 196 2861 l'ovit
214 2808 334 2862 humum.
376 2812 450 2878 Cape
469 2827 534 2862 saxa
553 2828 641 2876 manu,
660 2827 727 2878 cape
745 2807 851 2875 robora,
868 2809 974 2876 pastor,

116 2883 321 2952 Tollentemque
341 2887 428 2938 minas
448 2891 476 2938 et
496 2886 575 2938 sibila
593 2887 662 2938 eolla
679 2888 832 2938 tumentem
936 2897 974 2936 421

118 2959 217 3012 Deiiec.
255 2961 370 3030 Iamque
384 2963 449 3027 fuga
467 2962 594 3012 timidum
613 2963 695 3027 caput
713 2959 821 3012 abdidit
838 2958 902 3025 alte,

118 3032 186 3085 Cum
204 3037 287 3089 medii
307 3055 394 3089 nexus
413 3042 607 3102 extrenmoque
626 3037 734 3103 agmina
752 3036 855 3088 caudae

119 3107 272 3176 Solvuntur,
290 3112 440 3178 tardosque
457 3112 543 3163 trahit
562 3112 636 3162 sinus
654 3110 766 3162 ultimus
785 3111 866 3162 orbis.

120 3179 170 3232 last
188 3184 272 3236 etiam
289 3186 335 3238 ille
347 3185 440 3238 malus
460 3184 585 3238 Calabris
602 3184 631 3235 in
649 3183 764 3236 saltibus
781 3186 884 3252 anguis,
938 3200 975 3240 aaa
