2172 3506
356 137 539 186 AENEIDOS
557 139 624 189 LIB.
645 141 710 190 XII.
909 146 955 192 315

104 219 201 273 Victus
219 235 313 272 amore
330 219 379 284 tui,
398 224 513 286 cognato
531 221 660 287 sanguine
679 221 774 288 victus,

103 296 232 362 Coniugis
250 298 280 348 et
297 298 417 348 maestae
435 296 559 362 lacrimis
578 297 666 350 vinela
684 297 773 349 omnia
790 298 868 367 rupi:
930 314 956 353 oo

102 372 270 425 Promissam
289 370 376 438 eripui
393 388 513 439 genero;
530 389 606 424 arma
624 373 707 440 impia
725 373 834 440 sumpsi.

102 449 144 502 Ex
162 448 209 501 illo
229 447 276 516 qui
295 463 340 499 me
357 464 440 512 casua,
459 465 537 516 qnae,
557 445 655 516 Turne,
674 451 823 516 sequantur

101 525 187 590 Bella,
207 524 291 590 vides,
310 526 425 590 quantos
443 524 547 592 primus
566 523 670 592 patiare
688 523 800 578 labores

100 601 151 654 Bis
169 617 267 668 magna
284 599 350 654 victi
367 617 458 667 pugna
476 601 521 652 vix
539 600 607 653 urbe
625 603 736 654 tuemur

100 678 172 745 Spes
190 676 292 741 Italas3
311 675 432 729 recalent
449 679 542 728 nostro
562 675 688 730 Tiberina
707 675 809 730 fluenta
930 694 954 732 aa

101 752 240 820 Sanguine
258 752 354 819 adhuc,
373 753 515 820 campique
532 751 657 818 ingentes
675 752 781 805 ossibus
798 752 899 808 albent.

101 829 163 892 Quo
181 829 284 881 referor
301 829 422 882 tutiensi
439 845 510 897 quae
528 831 647 888 mentem
666 828 770 881 insania
788 832 895 883 mutati

100 905 131 958 si
150 905 241 957 Turno
259 905 393 957 exstineto
412 905 498 957 socios
516 921 576 957 sum
594 903 700 958 adscire
718 908 840 973 paratus,

101 980 159 1034 Gur
175 996 230 1033 non
247 981 373 1034 incolumi
392 980 484 1048 potius
502 981 652 1033 certamina
670 981 756 1035 tollol

101 1055 176 1120 Quid
194 1057 384 1124 consanguinei
403 1056 506 1122 Rutuli,
525 1056 593 1124 quid
611 1059 703 1109 cetera
722 1054 802 1111 dieet'
864 1117 867 1122 ¹
929 1073 953 1109 ro

101 1133 192 1197 ltalia,
211 1132 247 1185 ad
264 1135 380 1184 mortem
399 1133 422 1184 si
439 1133 570 1185 te—llors
589 1132 663 1186 dieta
682 1133 834 1187 refutet!—

102 1207 283 1274 Prodiderim,
302 1211 393 1260 natam
412 1211 441 1260 et
459 1206 591 1260 connubia
607 1211 701 1261 nostra
719 1210 877 1276 petenteml

102 1283 219 1353 Respice
236 1300 281 1336 res
300 1283 370 1336 bello
390 1283 493 1346 variam
513 1284 642 1336 miserere
660 1284 782 1351 parentia

103 1360 247 1427 Longam,
267 1376 347 1426 quem
364 1376 436 1412 nunc
453 1363 587 1412 maestum
606 1359 695 1426 patria
715 1359 809 1413 Ardea
826 1361 906 1428 longe

101 1435 216 1488 Dividit.
249 1434 470 1504 Haudquaquam
489 1434 571 1487 dictis
588 1434 717 1488 violentia
736 1435 818 1488 Turni
928 1453 952 1490 ss

101 1511 253 1576 Flectitur;
272 1515 418 1579 exsuperat
435 1511 528 1578 magis,
547 1510 736 1578 aegrescitque
753 1511 898 1565 medendo.

101 1587 143 1642 Ut
159 1588 276 1656 primum
294 1587 346 1640 fari
363 1588 460 1654 potuit,
479 1588 516 1640 sic
535 1586 636 1640 institit
655 1603 711 1642 ore:

102 1664 190 1728 Quam
201 1680 252 1732 pro
264 1681 308 1716 me
316 1680 409 1716 curam
421 1663 501 1730 geria,
515 1662 584 1716 hanc
596 1679 698 1730 precor,
711 1667 831 1732 optume,
844 1680 894 1732 pro
906 1680 951 1716 me

101 1739 237 1808 Deponas
256 1739 396 1807 letumque
413 1739 486 1791 sinas
504 1755 555 1807 pro
574 1738 655 1790 lando
674 1739 780 1805 pacisci.

101 1816 140 1869 Et
156 1833 204 1869 uos
223 1815 286 1883 tela,
303 1819 390 1884 pater,
408 1815 567 1882 ferrumque
585 1814 659 1865 haud
679 1813 769 1866 debile
788 1814 887 1867 dextra
928 1829 953 1867 so

102 1891 276 1960 Spargimus3
294 1895 322 1944 et
339 1894 433 1943 nostro
453 1891 578 1958 sequitur
596 1889 632 1942 de
650 1891 758 1942 volnere
778 1889 893 1956 sanguis

102 1967 196 2034 Longe
214 1967 254 2019 illi
271 1965 325 2018 dea
342 1970 431 2019 mater
449 1965 510 2032 erit,
529 1982 600 2033 quae
618 1965 689 2018 nube
707 1966 830 2031 fugacem

102 2043 233 2096 Feminea
250 2045 335 2110 tegat,
354 2046 382 2095 et
401 2043 477 2094 vanis
496 2058 557 2094 sese
574 2042 680 2094 occulat
699 2041 812 2093 umbris.

141 2122 179 2172 At
197 2119 300 2186 regina,
319 2135 388 2170 nova
405 2135 512 2186 pugnae
531 2117 679 2170 conterrita
698 2121 779 2178 sorte,

103 2195 209 2262 Flebat,
227 2198 256 2247 et
274 2195 417 2248 ardentem
434 2210 567 2260 generum
585 2193 718 2245 moritura
736 2191 862 2246 tenebat:
929 2209 952 2246 se

103 2271 200 2334 Turne,
218 2287 268 2339 per
285 2270 335 2323 has
354 2287 404 2338 ego
422 2274 451 2323 te
470 2270 601 2334 lacrimas,
620 2285 669 2337 per
688 2269 710 2320 si
730 2269 790 2337 quis
810 2269 929 2322 Amatae

103 2347 201 2414 Tangit
218 2347 303 2400 honos
321 2347 548 2414 animum-spes
567 2350 598 2399 tu
615 2363 686 2398 nuno
705 2363 765 2413 una,
785 2349 910 2400 senectae

103 2423 145 2475 'lu
162 2423 272 2492 requies
289 2423 421 2488 miserae;
440 2423 524 2475 decus
542 2422 733 2490 inperiumque
752 2421 843 2474 Latini

104 2499 142 2552 'le
160 2517 259 2567 penes3
277 2499 305 2552 in
324 2503 352 2552 te
371 2499 458 2551 omnis
476 2498 571 2550 domus
590 2498 718 2550 inclinata
737 2497 907 2550 recumbit-

104 2574 195 2627 Unum
214 2592 275 2629 oro:
294 2575 397 2628 desiste
415 2591 526 2627 manum
544 2574 715 2626 committere
736 2572 852 2624 Teucris
929 2587 954 2624 oo

105 2650 157 2713 Qui
174 2655 203 2704 te
221 2667 337 2718 cumque
354 2655 466 2704 manent
484 2651 536 2703 isto
555 2649 703 2702 certamine
721 2664 806 2712 casae,

105 2726 140 2778 llt
158 2743 212 2794 me,
231 2727 326 2792 Turne,
346 2731 471 2790 manent;
491 2724 570 2778 simul
589 2724 656 2776 haec
674 2723 760 2776 invisa
778 2722 930 2790 relinquam

105 2801 226 2870 Lumina,
244 2819 294 2854 nec
312 2819 443 2870 generum
465 2805 576 2854 Aenean
596 2801 703 2867 captiva
721 2799 826 2852 videbo.
967 2799 969 2806 ⁴

106 2878 220 2946 Accepit
238 2895 331 2930 vocem
348 2878 466 2931 lacrimis
485 2877 598 2930 Lavinia
615 2876 712 2928 matris

105 2953 260 3021 Flagrantis
277 2953 388 3021 perfusa
405 2970 496 3021 genas,
515 2953 557 3006 eui
576 2952 709 3020 plurimus
727 2951 817 3017 ignem
929 2962 953 3002 οῦ

105 3027 226 3082 Subiecit
243 3029 334 3096 rubor,
353 3033 382 3082 et
400 3029 530 3082 calefacta
548 3044 598 3096 per
616 3043 664 3078 ora
682 3025 811 3078 cucurrit.

107 3103 205 3157 Indum
223 3105 372 3172 sanguineo
390 3104 474 3158 veluti
492 3102 633 3156 violaverit
652 3105 726 3152 ostro

104 3177 133 3232 Si
151 3178 213 3296 qqis
231 3178 308 3245 ebur,
327 3183 376 3233 aut
393 3179 480 3232 mixta
497 3177 598 3230 rubent
616 3175 662 3227 ubi
681 3175 736 3226 lilia
756 3173 843 3226 multa
