2174 3502
395 124 577 173 AENEIDOS
599 125 669 175 LIB.
691 125 739 174 Vl.
941 117 988 166 189

137 203 221 256 Idem
240 209 285 258 ter
302 203 389 258 socios
405 221 475 272 pura
491 205 657 260 circumtulit
672 205 753 274 unda,

135 281 279 348 spargens
297 297 360 334 rore
376 280 429 334 levi
447 284 477 334 et
494 297 569 335 ramo
585 282 671 336 felicis
688 283 782 350 olivae,
956 296 991 337 arc

136 357 338 425 Lustravitque
356 357 436 426 viros,
456 357 581 426 dixitque
598 359 742 412 novissima
760 360 850 415 verba

140 435 180 486 At
198 433 260 501 pius
278 436 389 486 Aeneas
405 432 511 501 ingenti
528 433 600 488 mole
617 435 790 503 sepulchrum

137 509 260 578 Inponit,
279 525 381 577 suaque
398 525 475 562 arma
491 510 549 562 viro
566 526 726 579 remumque
744 512 902 581 tubamque,

137 585 236 638 Monte
254 585 304 639 sub
321 586 403 653 aerio,
421 587 469 654 qui
486 603 557 640 nunc
574 586 694 640 Misenus
712 587 747 640 ab
764 588 811 640 illo

136 662 255 730 Dicitur,
272 665 469 731 aeternumque
486 666 564 717 tenet
580 679 631 730 per
648 664 755 716 saecula
771 680 877 718 nomen.
954 681 989 720 aas

173 740 227 792 His
246 739 313 792 actis
330 755 447 808 propere
465 739 625 808 exsequitur
641 743 786 807 praecepta
804 740 928 808 Sibyllae.

136 815 273 884 Spelunca
291 815 348 868 alta
363 815 417 868 fuit
434 819 567 883 vastoque
583 815 698 869 inmanis
715 816 800 882 hiatu,

114 891 266 960 ·Scrupea,
284 895 346 946 tuta
363 891 424 946 lacu
440 891 518 960 nigro
536 907 732 961 nemorumque
750 894 878 960 tenebris,

135 968 226 1031 Quam
244 984 326 1036 super
343 967 418 1021 haud
435 967 506 1021 ullae
523 972 652 1036 poterant
669 969 770 1038 inpune
789 970 911 1024 volantes

134 1044 264 1098 Tendere
281 1045 335 1097 iter
352 1045 460 1112 pennis:
479 1045 543 1098 talis
560 1061 619 1098 sese
636 1045 737 1100 halitus
755 1046 822 1099 atris
952 1061 988 1101 aro

134 1120 273 1174 Faucibus
290 1119 431 1175 effimdens
449 1137 547 1190 supera
564 1122 600 1175 ad
617 1138 737 1176 convexa
753 1122 870 1177 ferebat:

133 1195 232 1266 [Unde
248 1197 337 1250 locum
356 1197 432 1251 Graii
450 1198 579 1252 dixerunt
596 1199 705 1252 nomine
723 1197 854 1267 Amnon]

135 1275 275 1336 Quattuor
292 1273 336 1326 hic
352 1274 471 1342 primurn
488 1273 623 1342 nigrantis
640 1277 719 1341 terga
736 1274 862 1327 iuuencos

133 1349 288 1403 Constituit
303 1349 443 1418 frontique
460 1351 579 1419 invergit
596 1351 659 1404 vina
676 1349 808 1416 sacerdos,

134 1427 175 1480 ut
192 1441 311 1479 summas
328 1441 441 1496 carpens
459 1427 550 1480 media
566 1427 640 1480 inter
657 1442 758 1480 cornua
775 1429 864 1480 saetas
950 1442 986 1482 au

135 1501 253 1570 Ignibus
270 1501 376 1570 inponit
394 1503 484 1570 sacris,
503 1503 632 1557 libamina
648 1503 744 1572 primo,

136 1579 213 1632 Voce
230 1594 328 1631 vocans
346 1579 478 1646 Hecaten,
497 1579 632 1648 Caeloque
650 1577 793 1648 Ereboque
810 1583 957 1649 potentem.

134 1655 300 1723 Supponunt
318 1654 363 1708 alii
381 1655 490 1720 cultros
508 1654 688 1723 tepidumque
706 1671 830 1710 cruorem

136 1731 295 1800 Succipiuut
312 1732 421 1798 pateris.
459 1732 524 1799 lpse
540 1731 595 1784 atri
612 1731 720 1784 velleris
737 1748 834 1798 agnam

136 1810 248 1862 Aeneas
265 1808 347 1861 matri
366 1807 548 1862 Eumenidum
565 1823 734 1876 magnaeque
752 1807 838 1861 sorori
949 1823 985 1862 aso

135 1885 210 1938 Ense
227 1885 298 1950 serit,
317 1884 493 1951 sterilemque
511 1883 576 1949 tibi,¹
589 1883 757 1952 Proserpina,
774 1899 889 1938 vaccam.

134 1961 206 2014 'lum
224 1961 319 2030 Stygio
335 1960 393 2026 regi
412 1963 558 2013 nocturnas
575 1958 682 2013 inchoat
700 1975 769 2025 aras,

134 2037 173 2090 Et
191 2037 277 2090 solida
294 2037 398 2104 inponit
415 2039 556 2089 taurorum
573 2035 678 2089 viscera
695 2035 817 2101 flammis,

136 2113 243 2180 Pingue
260 2129 341 2180 super
358 2113 447 2166 oleum
463 2111 609 2165 infundens
626 2110 786 2165 ardentibus
803 2110 882 2166 extis.

135 2189 206 2243 Ecce
224 2193 323 2255 autem,
340 2189 420 2259 primi
438 2187 490 2240 sub
506 2188 608 2242 lumina
625 2188 689 2241 solis
706 2190 734 2241 ct
752 2189 828 2241 ortus
948 2203 984 2243 255

134 2266 194 2320 Sub
211 2265 327 2334 pedibus
344 2264 449 2332 mugire
467 2265 561 2328 solum,
578 2268 608 2318 et
624 2265 688 2332 iuga
705 2265 801 2333 coepta
817 2265 920 2318 moveri

134 2342 278 2408 Silvarum,
296 2343 423 2411 visaeque
440 2357 520 2396 canes
537 2340 641 2394 ululare
659 2357 710 2409 per
726 2339 859 2406 umbram,

136 2419 315 2472 Adventante
332 2417 391 2471 dea.
428 2417 524 2472 Procul
543 2433 567 2486 o,
585 2417 679 2486 procul
697 2421 764 2484 este,
781 2416 896 2485 profani,

135 2495 294 2549 Conclamat
311 2498 395 2559 vates,
414 2498 528 2564 totoque
545 2493 670 2548 absistite
688 2493 761 2557 luco;

135 2571 232 2640 Tuque
248 2571 347 2624 invade
365 2571 443 2637 viam,
461 2571 614 2639 vaginaque
632 2569 708 2637 eripe
725 2568 843 2634 ferrum
948 2583 983 2622 un

134 2647 161 2700 N
163 2664 215 2700 unc
232 2647 328 2700 animis
345 2663 420 2715 opus,
439 2649 540 2711 Aenea,
558 2662 628 2700 nunc
646 2649 757 2713 pectore
773 2645 861 2699 firmo.

133 2725 254 2778 'lantum
271 2724 359 2789 effata,
377 2723 470 2777 furens
488 2727 568 2777 antro
586 2739 615 2774 se
632 2721 735 2775 inmisit
752 2727 863 2790 aperto;

136 2800 188 2854 llle
207 2800 305 2854 ducem
321 2799 396 2853 haud
413 2799 518 2853 timidis
534 2797 681 2852 vadentem
698 2798 822 2866 passibus
840 2801 947 2864 aequat.

170 2876 213 2944 Di,
244 2876 342 2946 quibus
371 2875 505 2944 inperium
534 2877 577 2929 est
612 2873 771 2941 animarum,
807 2871 983 2940 Umbraeque

238 2953 358 3020 silentes,
732 2983 735 2988 ·

133 3031 172 3084 llt
191 3029 287 3097 Chaos,
305 3033 334 3083 et
352 3029 529 3097 Phlegethon,
547 3027 605 3080 loca
622 3029 703 3080 noete
719 3023 839 3078 tacentia
855 3023 919 3091 late,
947 3036 983 3077 ase

132 3106 177 3160 Sit
194 3106 260 3160 mihi
277 3106 319 3159 fas
336 3105 429 3159 audita
447 3103 536 3172 loqui3
556 3103 592 3155 sit
609 3101 720 3154 numine
737 3101 829 3152 vestro

133 3181 262 3236 Pandere
279 3199 324 3236 ros
342 3181 399 3234 alta
415 3185 490 3234 terra
507 3183 536 3232 et
552 3177 667 3244 caligine
685 3190 794 3228 mersas.
