2154 3518
111 107 143 153 ol
345 104 374 154 Ρ.
395 104 547 152 VERGILI
566 103 733 152 MARONIS

112 185 149 238 Et
167 184 244 237 labor
262 187 291 236 et
309 182 395 236 durae
414 184 487 252 rapit
505 183 681 236 inclementia
699 183 803 236 mortis.

112 261 225 329 Semper
243 263 331 324 crunt,
352 276 467 327 quarum
485 259 587 312 mutari
607 277 724 329 corpora
742 259 834 313 malis:

111 338 224 406 Semper
243 336 314 390 cuim
333 336 421 402 retice,
440 353 478 403 ac,
498 353 533 390 ne
551 339 614 404 post
634 337 733 390 amissa
752 336 889 405 requiras,
970 355 997 394 re

112 415 256 481 Anteveni,
275 417 304 466 et
322 412 443 466 subolem
464 417 588 466 armento
609 413 708 466 sortire
726 415 907 481 quotannis.

146 490 276 544 Necnon
295 494 324 543 et
342 489 433 558 pecori
452 497 495 542 est
514 489 588 542 idem
610 489 735 542 delectus
752 491 862 558 equino.

112 567 152 619 Tu
170 567 259 635 modo,
278 565 392 635 quasin
411 583 488 635 spem
508 570 614 620 statues
635 566 797 620 submittere
815 567 926 635 gentis,

112 645 291 713 Praecipuum
309 645 363 697 iam
382 645 447 698 inde
466 663 483 698 a
501 645 604 698 teneris
623 645 742 712 inpende
759 643 893 696 laborem.

111 721 246 774 Continuo
264 722 370 790 pecoris
388 722 514 790 generosi
533 721 624 791 pullus
643 721 670 773 in
689 721 760 775 arvis
966 735 990 774 te

112 796 203 852 Altius
221 797 384 865 ingreditur,
404 805 433 852 et
451 798 543 851 nrollia
563 815 643 851 crura
662 797 785 866 reponit;

112 871 219 926 l'rimus
237 877 265 926 et
285 874 324 928 ire
343 876 413 928 viam
432 879 461 928 et
479 874 575 928 fluvios
594 877 733 942 temptare
752 872 869 925 minacis

112 948 207 1002 Audet
225 954 254 1004 et
272 951 365 1017 ignoto
386 969 446 1006 sese
465 953 639 1006 committere
658 951 742 1021 ponti,

111 1024 169 1077 Nec
187 1043 268 1079 vanos
287 1027 381 1081 lnnret
400 1030 540 1098 strepitus.
581 1029 626 1082 Illi
645 1027 731 1081 ardue
750 1025 849 1090 cervix,

112 1103 304 1170 Argutumque
323 1109 412 1173 caput,
431 1105 523 1159 brevis
544 1106 627 1173 alvus,
647 1103 785 1170 obesaque
804 1103 892 1166 terga,
961 1115 987 1154 ee

111 1175 297 1247 Luxuriatque
316 1181 383 1232 teris
403 1182 554 1234 animosum
574 1185 678 1250 pectus.
716 1175 835 1230 Honesti

111 1252 240 1320 Spadices
258 1255 408 1324 glauciqne‚
428 1257 501 1310 color
521 1257 685 1311 deterrimus
705 1253 773 1308 albis

110 1329 146 1382 nt
163 1332 240 1398 gilvo.
279 1332 354 1401 Tum,
374 1334 395 1386 si
415 1352 470 1403 qua
489 1351 585 1388 sonum
604 1332 698 1404 procul
718 1346 794 1383 arma
812 1327 929 1397 dedere,

111 1407 190 1460 Stare
208 1408 265 1462 loco
285 1411 378 1477 nescit,
397 1411 480 1464 micat
500 1411 612 1464 auribus
631 1413 660 1463 et
679 1407 777 1464 tremit
794 1408 878 1470 artus,

110 1481 317 1552 Collectumquc
336 1485 456 1540 fremens
475 1487 559 1541 volvit
578 1486 629 1540 sub
647 1483 759 1538 naribus
777 1482 877 1548 ignem.
956 1497 983 1534 se

111 1557 201 1612 Densa
219 1561 289 1628 iuba,
309 1567 338 1616 et
358 1563 455 1616 dextro
474 1565 576 1618 iactata
596 1561 734 1616 recumbit
753 1560 780 1612 in
799 1573 891 1622 armo;

112 1636 152 1687 At
169 1635 270 1704 duplex
289 1639 379 1706 agitur
397 1657 446 1708 per
465 1640 571 1693 lumbos
591 1639 670 1708 spina
680 1659 687 1704 ;
705 1638 838 1709 cavatque

111 1709 246 1766 Tellurem
266 1719 294 1768 et
312 1715 399 1769 selide
417 1718 538 1784 graviter
559 1720 636 1770 sonat
654 1713 758 1782 ungula
776 1726 866 1764 cornu.

43 1840 46 1846 ,
111 1787 182 1840 Talis
202 1789 341 1859 Arrryclaei
361 1794 481 1846 domitus
502 1793 620 1847 Pollucis
641 1791 754 1844 habenis

111 1863 239 1930 Cyllarus,
258 1871 293 1933 et,
313 1885 429 1936 quorum
449 1868 524 1922 Graii
544 1869 695 1922 meminere
714 1866 820 1934 poetae,
954 1877 980 1915 ee

111 1939 208 1993 Martis
227 1943 291 2010 equi
311 1942 424 2012 biiuges
445 1949 474 1998 et
492 1945 585 2012 magni
604 1959 701 1998 currus
721 1938 837 1994 Achilli:

111 2014 182 2069 Talis
200 2022 229 2071 et
247 2019 306 2087 ipse
324 2020 417 2074 iubam
436 2021 541 2074 cervice
561 2020 661 2074 effudit
679 2017 780 2086 equina
833 2033 835 2038 ’

111 2091 238 2162 Coniugis
257 2096 378 2150 adventu
395 2096 493 2165 pernix
513 2097 658 2162 Saturnus,
678 2097 709 2147 et
727 2093 814 2146 altum

111 2166 203 2222 Pelion
222 2171 330 2225 hinnitu
347 2173 454 2240 fugiens
473 2172 588 2242 inplevit
607 2177 694 2225 acuto.

146 2244 226 2299 Hunc.
246 2263 363 2314 quoque,
381 2247 428 2300 ubi
447 2253 495 2302 aut
509 2249 603 2302 morbo
618 2247 711 2314 gravis
728 2249 776 2298 aut
791 2245 845 2297 iam
862 2245 974 2310 segnior

179 2323 255 2374 arinis
949 2335 973 2372 ss

110 2389 216 2463 Deficit,
235 2397 307 2451 abde
326 2397 415 2464 domo,
433 2415 482 2452 nec
501 2401 576 2468 turpi
595 2401 707 2468 ignosce
725 2399 869 2451 senectae:

111 2472 237 2539 Frigidus
256 2473 284 2526 in
304 2473 441 2528 Venerem
460 2474 558 2543 senior,
577 2475 738 2542 frustraque
755 2472 877 2526 laborem

112 2547 256 2615 Ingratum
275 2551 375 2616 tralrit;
393 2555 429 2618 et,
445 2551 467 2604 si
487 2551 595 2618 quando
614 2552 650 2604 ad
668 2549 774 2620 proelia
791 2550 904 2602 rentum
921 2551 971 2615 est,

112 2621 151 2677 Ut
169 2625 306 2690 quondam
325 2627 353 2678 in
372 2626 481 2695 stipulis
499 2643 614 2694 magnus
634 2628 692 2680 sine
713 2625 817 2678 viribus
834 2623 911 2690 ignis,

112 2700 253 2753 Incassum
272 2700 346 2754 furit.
383 2701 456 2770 Ergo
474 2703 578 2756 animos
597 2719 754 2772 aevumque
772 2700 881 2754 notabis
937 2713 972 2752 100

112 2775 262 2846 Praecipue
272 2797 278 2842 ;
296 2776 360 2830 hinc
378 2778 444 2832 alias
464 2779 537 2845 artie,
557 2779 719 2847 prolemque
738 2781 891 2846 parentum,

111 2850 148 2906 llt
166 2854 227 2923 quis
247 2854 344 2922 cuique
363 2854 440 2908 dolor
459 2854 538 2920 victe,
558 2872 628 2922 quae
647 2854 733 2921 gloria
752 2854 867 2921 palmae.

112 2929 209 2982 Nonne
228 2930 312 2996 vidae,
331 2946 392 2982 cum
410 2928 554 2996 praecipiti
573 2929 722 2980 certamine
742 2943 866 2994 campum

112 3003 276 3070 Corripuere
295 3006 435 3070 ruuntque
454 3003 532 3054 effusi
550 3019 658 3054 earcere
670 3019 774 3067 currus,

115 3075 183 3127 Cum
202 3093 263 3143 spes
282 3081 406 3131 arrectae
423 3078 559 3138 iuvenum,
580 3077 798 3142 exsultantiaque
817 3077 910 3130 haurit
938 3093 971 3130 iet

116 3149 206 3203 Corde
225 3167 307 3217 paror
324 3151 453 3220 pulsansl
490 3149 536 3202 illi
554 3149 658 3202 instant
676 3149 792 3205 verbere
811 3153 885 3205 torte
