2152 3506
413 171 596 220 AENEIDOS
620 172 689 221 LIB.
712 173 749 222 11.
963 181 1006 229 121

142 248 318 309 Commendo
336 249 415 305 sociis
433 255 463 305 et
480 268 561 304 curva
578 252 649 306 valle
667 253 798 320 reeend0;

144 331 214 400 Ipse
233 327 329 382 urbem
345 331 444 396 repeto
463 330 492 381 et
510 328 604 394 cingor
624 328 792 396 fulgentibus
809 331 897 386 aruris

144 408 212 462 Stat
232 422 310 458 casus
327 420 458 458 renovare
476 405 570 471 omnis,
591 422 755 474 omnemque
774 409 873 461 reverti
972 423 1009 463 7⁵0

146 484 204 538 Per
223 482 339 548 Troiam,
358 486 387 535 et
405 497 500 534 rursus
521 485 604 550 eaput
623 480 761 536 obiectare
778 483 892 551 periclis.

185 559 321 627 Principio
338 573 431 610 muros
450 556 620 626 obscuraque
638 557 731 610 linrina
748 563 852 626 portae,

146 638 211 701 Qua
228 651 352 704 gressum
371 633 531 699 extuleram,
551 639 655 702 repeto,
674 636 703 688 et
721 635 837 702 vestigia
854 638 930 689 retro

146 713 302 767 Observata
321 726 420 779 sequor
436 725 486 777 per
503 713 612 762 noctem
632 713 661 764 et
678 709 780 764 lumine
797 712 890 766 lustro.

148 790 259 843 Horror
276 787 376 855 ubique
394 787 505 854 animes,
523 784 601 839 simul
620 786 678 853 ipsa
696 787 803 841 silentia
821 793 934 844 terrent
969 803 1006 844 711

149 865 223 918 Inde
241 863 360 929 demum,
379 863 401 914 si
420 863 491 916 11111
509 860 615 930 pedem,
635 863 656 915 si
674 864 746 916 sorte
764 866 878 931 tulisset,

148 942 197 994 Me
209 941 304 994 refero.
344 941 491 993 Inruerant
503 938 597 1006 Danai,
608 943 637 992 et
646 944 749 993 tectum
759 959 837 994 onina
847 942 985 996 tenebant.

148 1017 230 1071 Ilicet
248 1017 318 1084 ignis
336 1015 406 1089 edax
426 1031 530 1067 summa
548 1015 584 1067 ad
602 1016 709 1084 fastigia
727 1022 807 1072 venta

147 1092 292 1157 Volvitur;
310 1094 477 1160 exsuperant
495 1091 626 1157 flammae,
644 1093 711 1146 furit
728 1099 820 1148 aestus
837 1093 873 1148 ad
889 1111 979 1148 auras.

147 1168 272 1222 Procedo
290 1173 318 1221 et
338 1168 438 1220 Priami
458 1167 537 1221 sedes
555 1184 699 1237 arcemque
717 1172 812 1226 reviso.
967 1187 1004 1226 rm

147 1246 257 1298 Etiam
275 1243 424 1313 porticibus
442 1245 534 1297 vacuis
553 1244 664 1298 Iunonis
681 1247 754 1313 asylo

147 1319 284 1376 Custodes
302 1319 367 1372 lecti
387 1319 509 1372 Phoenix
528 1324 557 1373 et
576 1319 651 1373 dirus
669 1321 765 1373 Ulixes

147 1396 284 1450 Praedam
303 1395 492 1450 adservabant.
532 1397 595 1449 Hae
614 1396 735 1463 undique
753 1397 833 1452 'lroia
849 1415 916 1467 gaza

147 1473 271 1528 Incensis
291 1475 385 1540 erepta
404 1472 500 1540 adytis,
518 1489 682 1540 mensaeque
700 1471 820 1541 deonna,

146 1552 332 1616 Grateresque
352 1564 417 1601 auro
436 1547 523 1616 solidi,
541 1549 703 1616 captivaque
721 1551 804 1603 vestis
966 1561 1003 1602 tut

146 1625 319 1694 Congeritur.
358 1623 440 1678 Pueri
457 1628 488 1677 et
504 1624 619 1692 pavidae
637 1624 717 1692 longo
735 1627 830 1681 ordine
847 1632 950 1684 matres

145 1703 229 1757 Stant
247 1701 353 1755 circum.

147 1782 242 1834 Ausus
262 1778 327 1845 quin
346 1779 429 1831 etiam
447 1794 526 1831 voees
544 1778 645 1832 laetare
663 1797 713 1848 per
730 1783 854 1836 umbram

146 1856 254 1924 Inplevi
273 1853 390 1906 elamore
409 1854 473 1921 vias,
492 1857 665 1922 maestusque
685 1856 816 1910 Creusam

145 1933 321 2002 Nequiquam
335 1930 505 1998 ingeminans
516 1930 671 1998 iterumque
684 1931 838 2001 iterumque
851 1936 949 1989 vocavi.
966 1949 1003 1991 171

147 2009 296 2074 Quaerenti
318 2010 346 2061 et
364 2008 444 2060 tectis
463 2006 538 2059 urbis
557 2007 615 2058 sine
632 2007 687 2060 fine
705 2007 806 2061 furenti

146 2086 248 2140 Infelix
267 2086 441 2138 simulacrum
462 2089 544 2150 atquo
562 2082 647 2150 ipsius
665 2083 762 2136 umbra
781 2085 898 2140 Creusae

146 2165 214 2218 Visa
232 2162 298 2216 mihi
317 2166 381 2215 ante
400 2162 491 2215 oeulos
510 2163 538 2212 et
556 2163 622 2213 nota
639 2161 724 2213 maior
742 2161 838 2230 inrogo.

146 2242 282 2309 Obstipui,
303 2242 495 2307 steteruntque
513 2255 606 2292 comae
625 2241 654 2292 ot
671 2254 723 2290 vox
741 2239 861 2294 saucibus
879 2244 974 2300 haesit.

146 2320 215 2372 Tum
234 2318 271 2370 sie
290 2316 376 2370 adfari
396 2319 425 2369 et
443 2332 520 2368 curas
539 2317 581 2368 his
600 2317 710 2370 demere
729 2317 821 2372 dictis:
967 2337 1002 2378 775

146 2397 220 2460 Quid
239 2398 347 2448 tantum
366 2395 463 2449 insano
483 2393 559 2446 iuvat
576 2394 719 2462 indulgere
738 2396 830 2466 dolori,

147 2473 171 2525 Ο
191 2473 277 2525 duleis
295 2472 430 2527 coniunxi
452 2489 507 2528 non
526 2471 593 2526 haee
612 2471 669 2525 sino
687 2475 796 2527 numine
815 2476 904 2529 divom

147 2550 298 2614 Eveniunt;
315 2566 367 2602 nee
385 2553 414 2604 11
433 2551 497 2603 hine
516 2550 641 2603 comitem
662 2554 802 2619 asportare
821 2551 950 2605 Creusam

147 2628 202 2681 llas
219 2631 268 2680 aut
284 2626 330 2680 ille
350 2627 415 2680 sinit
435 2628 525 2696 superi
544 2633 672 2695 regnator
691 2627 804 2696 Olympi.

147 2705 242 2772 Longa
253 2704 304 2758 tibi
317 2703 418 2774 exsilia,
433 2707 462 2758 et
476 2709 583 2757 vastum
596 2705 679 2758 maris
692 2721 793 2774 aequor
804 2706 943 2768 arandum,
968 2719 1004 2760 711

147 2782 184 2836 111
201 2785 304 2835 terram
324 2781 486 2852 Hesperiam
508 2786 605 2852 venies,
626 2781 672 2834 ubi
692 2782 793 2851 Lydius
811 2799 875 2836 arva

147 2858 226 2912 Inter
244 2860 335 2927 opima
352 2859 441 2914 virum
458 2861 514 2917 leni
533 2861 593 2916 fluit
611 2866 720 2934 agmine
739 2858 864 2927 Thybris:

147 2935 208 2989 Illic
225 2954 270 2990 res
288 2938 378 2993 laetae
396 2956 568 3010 regnumque
588 2947 616 2995 et
634 2943 708 3010 regia
727 2940 841 2994 coniunx

147 3011 232 3066 Parta
249 3014 308 3069 tibi.
349 3017 488 3071 1111111111
507 3019 622 3070 dilectae
641 3018 711 3085 pelle
732 3018 860 3070 Creusae:

146 3088 209 3142 Non
228 3109 279 3160 ego
300 3092 502 3160 Myrmidonum
522 3094 601 3146 sedes
622 3093 789 3159 Dolopumve
808 3092 938 3156 superbas
968 3103 1003 3142 rae

146 3165 295 3235 Aspiciam,
314 3172 362 3221 aut
381 3167 470 3222 Graiis
489 3169 619 3221 servitum
638 3165 771 3216 matribus
788 3163 839 3231 iba,

146 3242 293 3308 Dardanis,
311 3247 341 3298 et
359 3243 438 3296 divae
455 3244 573 3297 Veneris
591 3255 686 3301 nurus;
