2154 3518
347 185 550 234 eucnemon
567 185 637 236 ms.
657 188 711 238 111.
920 180 949 229 ⁵²

104 265 201 332 Atque
219 260 358 316 bacciam
379 265 467 331 primo
486 264 616 332 depulsus
634 264 669 318 ab
687 264 772 319 ubere
789 267 885 320 matris

101 341 221 407 Audeat,
240 340 322 406 inque
340 339 425 392 vicem
444 341 492 394 det
509 340 636 395 mollibus
655 358 703 394 ora
720 343 845 410 capistris

101 416 242 470 Invalidus
261 415 398 484 etiamque
417 420 544 483 tremens,
563 417 647 470 etiam
665 417 764 472 inscius
782 419 848 472 aevi.
1071 443 1072 502 y

100 495 141 547 At
158 490 248 545 tribus
266 493 369 545 exactis
387 491 434 544 ubi
453 497 552 561 quarta
570 495 716 548 accesserit
734 499 830 564 aestua,
918 511 954 551 1eo

99 571 220 640 Carpere
238 584 301 620 mex
319 585 415 636 gyrum
434 569 547 638 incipiat
565 571 752 639 gradibusque
770 589 866 626 sonare

42 678 49 682 -
99 644 259 714 Conpositis,
279 645 424 712 sinuetque
443 645 549 699 alterna
567 647 703 700 volumina
721 665 837 712 crurum,

98 725 196 792 Sitque
214 721 350 774 laboranti
370 721 480 787 similis3
500 725 558 775 tum
578 722 702 776 cursibus
720 741 807 790 auras,

98 802 165 854 'lum
184 802 269 864 vocet,
288 813 318 849 ae
336 814 386 865 per
405 802 501 865 aperta
519 799 619 866 volans,
638 815 688 852 ceu
706 799 776 852 liber
793 799 913 867 habenis,
1029 864 1032 870 ¹

99 879 229 944 Aequora
246 874 291 926 vix
311 890 417 926 summe
434 873 551 941 vestigia
568 879 653 942 ponat
671 892 767 942 arena;
918 891 953 929 ms

98 953 191 1016 Qualis
211 949 397 1019 Hyperboreis
418 951 519 1018 Aquilo
538 967 599 1004 cum
618 950 718 1005 densus
737 952 771 1005 ab
790 946 845 1005 oris

98 1029 234 1096 incubuit,
254 1026 434 1096 Scythiaeque
452 1025 556 1081 hiemes
575 1032 659 1096 atque
677 1028 755 1082 arida
773 1028 865 1082 differt

97 1106 198 1159 Nubila
204 1124 213 1170 ;
230 1108 290 1157 tum
309 1108 417 1171 segetes
435 1105 507 1158 altae
526 1105 668 1175 campique
686 1108 813 1159 natantes

97 1183 217 1236 Lenibus
235 1183 395 1235 horrescunt
413 1179 513 1248 flabris,
531 1197 706 1250 summaeque
725 1198 847 1235 sonorem

60 1265 81 1353 7
97 1260 171 1313 Dant
189 1259 272 1312 silvae
290 1258 418 1326 longique
437 1261 556 1326 urguent
574 1257 610 1310 ad
627 1257 709 1310 litora
726 1257 839 1321 fluctus3
917 1271 952 1312 000

97 1335 149 1389 1110
167 1336 248 1403 velet,
268 1335 347 1386 simul
366 1351 430 1386 arva
447 1335 519 1400 fuga,
538 1333 618 1384 simul
637 1351 755 1401 aequora
772 1349 890 1386 verrens.

97 1411 151 1466 Hic
169 1410 212 1464 vel
232 1411 267 1463 ad
287 1408 345 1462 Illei
364 1415 453 1463 metas
472 1412 500 1461 ct
519 1425 645 1461 nraxuma
664 1410 752 1477 campi

96 1487 214 1542 Sudabit
232 1487 328 1555 spatia,
348 1489 377 1538 et
396 1501 505 1554 spumas
523 1489 587 1552 aget
606 1502 652 1538 ore
671 1489 805 1554 cruentas,

96 1564 209 1632 Belgica
226 1565 269 1617 vel
287 1563 362 1617 molli
381 1561 477 1616 melius
495 1562 566 1615 feret
585 1561 681 1615 esseda
698 1563 771 1616 colle.

57 1640 164 1694 sellum
184 1641 293 1694 demum
313 1657 404 1693 crassa
421 1655 549 1706 magnum
568 1639 703 1707 farragine
721 1656 818 1708 corpus
915 1655 951 1694 000

96 1717 225 1770 Crescere
243 1717 297 1769 iam
317 1716 427 1769 domitis
446 1715 543 1770 sinite:
566 1733 684 1784 namque
702 1720 765 1770 ante
784 1716 950 1770 domandum

97 1795 220 1862 Ingentis
240 1793 337 1846 tollent
356 1793 466 1859 animes,
484 1793 631 1861 prensique
649 1793 787 1861 negabunt

96 1871 221 1924 Verbera
238 1869 312 1922 lenta
330 1869 389 1937 pati
408 1872 436 1922 00
455 1868 531 1921 duris
550 1885 646 1936 parere
664 1869 771 1938 lupatis.

130 1945 186 1999 Sed
203 1963 256 1998 non
274 1945 330 1999 ulla
348 1945 434 2011 inagis
452 1944 517 1998 viris
536 1943 672 1998 industria
691 1946 790 2014 firmat,

96 2022 183 2086 Quam
202 2021 337 2075 Venerem
358 2025 387 2074 et
405 2021 477 2074 caeci
496 2021 620 2075 stimulos
640 2024 764 2075 avertere
782 2024 887 2090 amoris,
914 2038 949 2076 21⁰

95 2098 158 2151 Sive
177 2097 258 2150 boum
277 2098 334 2150 sive
354 2100 396 2149 est
415 2097 457 2150 cui
475 2097 579 2164 gratier
598 2114 663 2150 usus
682 2115 820 2166 equorum.

96 2175 190 2242 Atque
208 2173 270 2226 ideo
288 2177 381 2226 tauros
399 2173 493 2242 procul
512 2176 595 2241 atque
612 2173 640 2226 in
659 2174 715 2226 sola
732 2175 855 2242 relegant

95 2248 205 2318 Pascua,
224 2254 286 2318 post
302 2253 423 2303 montem
438 2249 600 2318 oppositum,
613 2254 642 2303 et
657 2253 735 2304 trans
751 2251 862 2304 fiumina
877 2252 948 2320 lata3

95 2327 154 2380 Aut
171 2326 245 2380 intus
263 2326 367 2380 clausos
387 2330 480 2380 satura
499 2325 535 2379 ad
553 2327 696 2397 praesepia
714 2332 828 2382 servant.

95 2402 189 2470 Carpit
208 2402 280 2456 enim
298 2403 362 2456 viris
381 2403 513 2472 paulatim
533 2403 644 2471 uritque
662 2404 780 2457 videndo
913 2421 949 2458 215

95 2479 214 2547 Femina,
234 2496 284 2532 nec
302 2497 442 2533 nemorum
461 2481 566 2550 patitur
583 2481 738 2534 meminisse
755 2499 805 2534 nec
822 2481 930 2534 herbae.

95 2555 227 2609 Dulcibus
245 2555 291 2610 illa
309 2557 420 2624 quidem
440 2557 583 2611 inlecebris
602 2562 631 2611 et
649 2575 730 2628 saepe
748 2559 879 2627 superbos

96 2631 229 2696 Cornibus
247 2631 319 2686 inter
337 2652 365 2688 se
387 2635 490 2702 subigit
510 2634 658 2688 decernere
677 2635 798 2689 amantis.

97 2707 221 2762 Pascitur
238 2710 266 2762 in
284 2729 383 2780 magna
403 2712 458 2765 Sila
476 2712 595 2764 formosa
612 2711 741 2765 iuvenca:

55 2789 81 2838 u
96 2785 140 2837 Illi
159 2786 325 2842 alternantes
345 2791 432 2842 multa
450 2790 476 2842 vi
496 2789 599 2858 proelia
616 2788 730 2841 miscent
913 2799 949 2837 000

95 2862 259 2918 Vulneribus
277 2867 397 2932 crebris;
415 2867 482 2920 lavit
501 2869 561 2920 ater
579 2881 692 2934 corpora
710 2863 824 2932 sanguis,

95 2939 239 3011 Versaque
256 2945 284 2997 in
303 2943 416 2998 obnixos
436 2948 588 3012 urguentur
607 2959 707 2995 cornua
724 2945 801 2994 vasto

95 3017 163 3072 (lum
181 3022 301 3088 gemitu3
321 3022 435 3074 reboant
454 3021 592 3088 silvaeque
613 3019 756 3086 et‘longus
774 3017 913 3084 Olympus.

95 3097 153 3150 Nec
170 3113 229 3152 mos
246 3098 374 3151 bellantis
393 3114 447 3150 una
465 3095 617 3161 stabular03
636 3095 683 3148 sed
702 3094 772 3146 alter
895 3150 899 3160 .

97 3172 193 3227 Victus
213 3173 278 3242 abit,
296 3175 431 3241 longeque
449 3171 549 3240 ignotis
569 3172 675 3224 exsulat
694 3170 755 3235 oris,
912 3179 949 3219 aas

96 3249 186 3303 Multa
203 3266 322 3316 gemens
332 3248 508 3316 ignominiam
525 3247 674 3315 plagasque
693 3244 802 3312 superbi
