2152 3506
366 157 548 206 AENEIDOS
565 156 634 205 LIB.
654 157 676 206 I.
920 161 950 206 99

98 235 197 288 Frater
214 240 246 290 ut
266 238 374 290 Aeneas
392 237 489 305 pelago
509 241 575 291 tuus
593 237 683 290 omnia
699 237 800 290 circum

95 310 190 364 Litora
207 311 326 365 iactetur·
344 313 415 365 odiis
435 312 546 366 lunonis
564 313 679 381 iniquae,

95 386 169 440 Nota
187 388 246 454 tibi,
266 392 295 441 et
312 392 406 442 nostro
425 389 537 442 doluisti
556 405 637 458 saepe
655 389 756 443 dolore.
818 405 820 412 ’

96 464 177 516 Hune
196 463 346 518 Phoenissa
363 468 441 518 tenet
458 465 531 518 Dide
549 463 711 533 blandisque
729 469 852 520 moratur
914 479 952 522 era

96 539 229 605 Vocibus3
251 544 280 594 et
297 557 401 608 vereor,
420 557 522 610 quase
541 541 657 596 Iunonia
676 544 784 594 vertant

96 617 238 684 Hospitia;
258 617 332 670 haud
350 621 428 670 tante
446 617 565 670 cessabit
583 617 693 670 cardine
712 633 810 670 rerum.

95 693 226 755 Quocirca
244 709 341 763 capere
359 696 424 746 ante
442 693 511 747 dolis
530 697 559 746 et
577 693 686 760 cingere
704 693 812 746 flamma

95 769 229 836 ltem'nam
247 769 371 835 meditor,
390 786 424 822 ne
443 785 497 838 que
516 787 545 823 se
562 769 673 822 numine
690 773 786 834 mutet,

94 845 150 898 Sed
168 863 266 914 magne
285 850 397 900 Aeneae
417 863 524 900 meeum
541 848 670 900 teneatur
688 862 785 899 amere.
913 859 949 898 crs

94 921 154 985 Qua
172 923 261 977 facere
279 922 308 976 id
325 923 419 991 possis,
438 925 559 976 nostram
578 939 649 976 nune
666 922 758 990 accipe
776 924 908 976 mentem:

94 998 196 1066 Regius
214 1000 302 1052 accitu
320 999 375 1052 cari
393 999 524 1066 genitoris
542 1000 578 1053 ad
595 999 691 1052 urbem

93 1074 231 1128 Sidoniam
249 1093 317 1144 puer
334 1076 373 1128 ire
392 1079 479 1142 parat,
497 1092 559 1128 mea
577 1091 703 1128 maxuma
720 1091 792 1142 cura,

93 1150 172 1204 Dona
190 1152 288 1219 ferens,
306 1152 402 1219 pelago
422 1156 450 1205 et
469 1151 585 1204 flammis
604 1152 737 1204 restantia
755 1151 865 1217 Troiae;

93 1227 174 1281 Hune
192 1245 243 1296 ego
262 1228 379 1295 sopitum
399 1245 492 1280 somno
511 1244 593 1296 super
611 1228 666 1280 alta
686 1228 804 1296 Cythera
910 1243 948 1282 ose

93 1305 152 1356 Aut
172 1321 253 1373 super
272 1303 390 1356 Idalium
410 1307 516 1357 saerata
535 1303 600 1356 sede
619 1303 770 1369 recondam,

92 1379 117 1431 N
120 1397 135 1432 e
153 1397 208 1449 qua
226 1380 295 1432 seire
313 1379 389 1433 dolos
407 1379 547 1432 mediusve
566 1395 706 1432 occurrere
723 1380 816 1448 possit.

92 1455 131 1508 Tu
149 1455 245 1510 faciem
264 1456 335 1508 illius
353 1460 460 1508 noctem
479 1471 532 1508 non
550 1455 665 1523 amplius
682 1471 763 1508 uuam

93 1532 168 1585 Falle
186 1533 257 1599 dolo,
276 1535 304 1585 et
323 1536 402 1586 notos
421 1533 497 1600 pueri
516 1549 585 1600 puer
602 1531 685 1584 indue
705 1533 800 1600 voltus,

93 1609 138 1674 Ut,
157 1625 219 1662 cum
237 1613 266 1662 te
284 1608 388 1676 gremio
409 1609 523 1676 accipiet
542 1609 690 1662 laetissima
709 1609 780 1662 Dido
911 1625 947 1662 esa

92 1684 202 1752 Regalis
219 1685 292 1738 inter
310 1701 416 1738 mensas
434 1685 597 1754 laticemque
618 1686 744 1754 Lyaeum,

92 1761 160 1813 Cum
180 1761 256 1814 dabit
275 1762 415 1830 amplexus
434 1766 517 1830 atque
535 1762 627 1816 oscula
645 1761 736 1814 dulcia
753 1762 828 1830 figet,

91 1836 234 1890 Occultum
253 1837 368 1906 inspires
386 1839 476 1904 ignem
494 1839 626 1907 fallasque
645 1854 755 1891 veneno.

93 1912 175 1966 l'aret
195 1915 281 1966 Amor
299 1914 380 1966 dictis
398 1931 477 1968 carae
495 1916 648 1982 genetricis
667 1918 695 1967 et
713 1914 769 1967 alas

92 1989 183 2056 Exuit,
202 1993 230 2043 et
248 2006 345 2057 gressu
362 1991 484 2058 gaudens
501 1991 605 2044 incedit
625 1991 684 2043 Iuli.
910 2004 947 2043 eso

92 2067 132 2118 At
151 2065 246 2120 Venus
266 2067 383 2119 Ascanio
401 2067 535 2135 placidam
554 2084 604 2134 per
620 2066 743 2119 membra
761 2066 882 2134 quietem

93 2142 205 2208 lnrigat,
224 2146 252 2196 et
270 2142 357 2195 fotum
375 2143 479 2210 gremio
498 2142 550 2195 dea
568 2143 640 2196 tollit
658 2143 685 2194 in
704 2143 773 2194 altos

92 2217 197 2270 Idaliae
214 2218 296 2286 lucos,
315 2219 362 2271 ubi
379 2219 468 2272 mollis
486 2235 626 2272 anianaeus
644 2219 719 2271 illum

92 2293 217 2348 Floribus
236 2299 264 2348 et
282 2295 354 2348 dulei
373 2296 515 2364 adspirans
533 2296 713 2364 conplectitur
730 2296 833 2348 umbra.

20 2367 72 2424 5¹!
128 2371 242 2438 lamque
260 2371 318 2424 ibat
338 2371 412 2424 dicto
431 2389 530 2440 parens
549 2375 578 2425 et
597 2372 669 2426 dona
687 2371 793 2440 Cupido
910 2387 945 2426 ees

93 2446 180 2514 llegia
197 2446 325 2515 portabat
344 2448 437 2515 Tyriis,
456 2447 525 2501 duce
543 2448 631 2502 laetus
651 2448 765 2501 Achate.

91 2525 161 2575 Cum
179 2524 261 2591 venit,
280 2524 382 2578 aulaeis
400 2524 454 2577 iam
474 2520 503 2578 se
521 2525 616 2592 regina
634 2523 757 2592 superbis

95 2602 190 2652 Aurea·
203 2600 346 2668 conposuit
365 2600 468 2668 sponda
486 2601 659 2670 mediamque
677 2600 782 2653 locavit.

94 2675 152 2728 lam
170 2679 249 2744 pater
268 2678 377 2730 Aeneas
396 2679 424 2730 et
441 2678 495 2730 iam
514 2677 628 2730 Troiana
646 2677 772 2730 iuventus

92 2750 270 2820 Conveniunt,
290 2755 432 2821 stratoque
450 2771 532 2822 super
550 2753 730 2808 discumbitur
748 2757 827 2806 ostro.
910 2765 946 2806 rao

91 2828 166 2881 Dant
183 2829 277 2882 famuli
294 2829 419 2882 manibus
436 2831 565 2898 lymphas,
586 2831 768 2898 Cereremque
786 2830 910 2882 canistris

92 2905 258 2973 Expediunt,
276 2907 418 2973 tonsisque
436 2909 527 2960 feramt
544 2907 674 2961 mantelia
691 2907 767 2962 villis.

93 2979 296 3048 Quinquaginta
313 2981 388 3035 intus
406 2983 530 3051 famulae,
549 2984 648 3053 quibus
665 2983 760 3036 ordine
778 2982 886 3049 longam

92 3056 165 3110 Cura
181 3074 282 3126 penum
301 3061 415 3113 struere.
434 3062 462 3111 et
480 3059 595 3114 flammis
613 3059 722 3114 adolere
742 3058 887 3122 Penatisy·

92 3132 211 3186 Centum
229 3134 298 3190 aliae
316 3133 489 3202 totidemque
507 3153 587 3205 pares
605 3138 696 3189 aetate
714 3133 837 3201 ministri,
909 3147 945 3188 aaa

92 3209 143 3273 Qui
164 3209 280 3277 dapibus
299 3227 405 3263 mensas
423 3217 537 3266 onerent
555 3216 584 3266 et
601 3211 697 3280 pocula
714 3213 823 3279 ponant.
875 3212 881 3264 i

167 3284 181 3326 9
