2154 3518
123 149 151 192 ll
358 145 563 194 RVERGILI
581 145 749 194 MARONIS
857 175 861 182 ·

121 223 194 276 Rara
213 223 249 276 sit
268 240 302 276 an
322 240 404 292 supra
423 241 528 279 morem
547 224 571 278 si
588 225 676 280 densa
694 227 825 296 requires,

124 299 219 353 Altera
237 299 382 352 frumentis
400 301 528 389 quoniam
547 302 629 369 faute
650 302 738 357 altera
757 303 871 376 Baccho,

122 376 212 429 Densa
229 375 316 442 rrragis
336 377 438 442 Oereri,
457 377 597 432 rarissima
616 396 742 448 quaeque
764 380 870 448 Lyaeo:

122 457 180 506 Ant
168 457 196 506 te
214 452 302 506 locum
320 452 411 520 capies
431 453 523 519 oculis,
544 455 654 523 alteque
673 455 781 510 iubebis
953 476 998 516 aaa

121 530 154 583 In
172 529 259 582 solido
277 533 391 598 puteum
410 529 497 582 demit
485 513 529 596 ιιι,
548 547 710 599 omnemque
730 548 845 601 repones

121 606 226 660 Rursus
245 573 549 674 humum,etpedibi1s
569 623 687 661 summas
706 607 838 677 aequabis
855 625 970 666 arenas.

120 681 149 736 Si
167 674 292 750 deerunt,
311 699 411 750 rarum,
430 683 578 772 pecorique
596 688 625 737 et
642 683 746 737 ritibus
764 685 842 739 ulmis

120 760 221 826 Aptius
239 758 308 813 uber
326 759 396 825 erit;
415 759 503 812 sinin
523 776 572 812 sua
589 776 670 828 posse
690 760 829 828 negabunt

120 834 166 888 lre
183 835 288 889 locat
260 839 288 889 et
306 802 447 889 scrobibus
466 834 606 905 superabit
624 839 699 889 terra
716 837 838 906 repletis,
946 857 988 897 τις

120 912 227 979 Spissus
245 929 325 980 egem
343 912 453 979 glaebas
472 912 627 965 cunctantis
645 929 791 982 crassaque
809 917 889 982 terga

120 988 263 1056 Exspecta,
283 992 312 1042 et
330 989 426 1042 validis
444 994 547 1042 terram
566 989 709 1057 proscinde
727 989 852 1043 iuvencis.

119 1063 194 1117 Salsa
212 1069 303 1118 autem
322 1065 404 1118 tellus
423 1070 452 1119 et
470 1081 540 1134 quae
557 1065 719 1134 perhibetur
736 1082 862 1118 amara-

119 1140 256 1207 llrugibus
274 1140 369 1193 infelix
388 1158 427 1203 ea,
444 1158 494 1194 nee
512 1141 676 1194 mansuescit
694 1141 802 1209 arando,

118 1216 144 1268 N
146 1231 177 1270 ec
190 1217 296 1270 Baccho
309 1233 403 1285 genus,
418 1221 466 1270 aut
480 1217 568 1286 pomis
582 1234 631 1270 sua
642 1217 752 1270 nomina
764 1222 885 1272 servat-
945 1237 987 1275 aa)

118 1293 182 1347 'lale
200 1293 278 1348 dabit
297 1295 452 1362 specimen:
471 1295 512 1347 'lu
530 1295 617 1364 spisso
636 1293 735 1346 vimine
753 1293 855 1363 qualos,

118 1369 237 1439 Oolaque
255 1371 393 1438 prelorum
412 1371 528 1424 fumosis
547 1371 643 1441 deripe
661 1370 756 1435 tectis;

18 1477 25 1504 ς
118 1446 181 1500 Huc
199 1463 265 1514 ager
283 1447 328 1499 ille
347 1448 434 1500 malas
453 1447 602 1514 dulcesque
622 1464 638 1499 a
656 1446 776 1500 sontibus
794 1446 882 1502 undae

31 1522 35 1532 ’
55 1526 78 1555 ‘·
116 1521 165 1574 Ad
181 1522 291 1591 plenum
311 1522 464 1585 calcentur;
483 1539 554 1590 aqua
573 1521 739 1595 eluctabitur
756 1523 844 1575 omnis

17 1596 25 1644 Γ
66 1597 85 1618 ·’
116 1597 233 1664 Scilicet
253 1598 282 1651 et
299 1598 418 1666 grandes
435 1597 516 1650 ibunt
504 1601 584 1666 tper
603 1598 705 1650 vimina
723 1602 834 1666 guttae3
939 1616 982 1657 aas

16 1721 19 1748 =
116 1675 157 1728 At
145 1678 254 1744 tsapor
271 1675 401 1728 indicium
420 1674 502 1728 faciet
520 1676 687 1741 manifestus,
707 1678 736 1728 et
754 1692 801 1728 ora

20 1753 27 1760 “
71 1799 76 1804 .
115 1750 196 1805 Trist'
177 1756 215 1823 tra
233 1754 418 1882 temptantum
437 1767 518 1804 sensu
536 1752 677 1820 torquebit
695 1768 793 1805 amaro.

51 1861 53 1868 ·
87 1837 91 1844 ’
116 1813 268 1895 Pinguist
246 1845 254 1880 ι
269 1845 312 1881 em
332 1845 402 1896 quac
421 1829 457 1881 sit
445 1828 566 1892 t,tellus
585 1827 635 1881 hoe
655 1828 772 1896 denique
790 1831 870 1896 pacto

116 1901 263 1959 Discimus:
281 1905 356 1958 haud
375 1921 504 1974 umquam
524 1904 648 1957 manibus
667 1903 770 1956 iactata
787 1905 896 1971 fatiscit,

113 1980 169 2035 Sed
186 1981 254 2050 picis
272 1982 300 2034 in
319 1998 421 2035 morem
440 1981 476 2034 ad
494 1981 594 2049 digitos
613 1981 670 2034 lent
658 1981 739 2034 tescit
727 1979 889 2034 tlrabendo.
937 1999 979 2038 arro

114 2056 237 2112 Humida
255 2059 371 2112 maiores
390 2059 489 2112 herbas
508 2058 564 2126 alit,
583 2059 698 2128 ipsaque
715 2057 787 2110 iusto

114 2132 231 2187 Laetior.
270 2135 315 2188 Ah
334 2135 446 2188 nimium
465 2153 500 2189 ne
519 2136 556 2188 sit
574 2135 640 2187 milri
659 2133 757 2187 lertilis
775 2133 829 2200 illa,

114 2209 174 2261 Neu
193 2226 222 2262 se
240 2211 424 2277 praevalidam
444 2212 538 2278 primis
556 2210 684 2262 ostendat
702 2209 810 2262 aristis!

114 2284 189 2348 Quae
207 2286 298 2351 gravis
317 2288 367 2347 cst,
386 2285 445 2351 ipso
463 2286 573 2337 tacitam
594 2301 623 2336 so
641 2283 762 2351 pondere
780 2283 881 2352 prodit,

113 2360 245 2427 Quaeque
268 2359 345 2412 levis.
384 2359 544 2425 Promptum
569 2363 611 2410 est
635 2357 719 2410 oculis
739 2359 911 2424 praediscere
933 2362 973 2414 ni-

182 2451 268 2503 gram,
935 2451 974 2491 ass

112 2512 148 2565 ιιι
167 2511 227 2580 quis
246 2509 289 2563 cui
307 2510 387 2563 color.
425 2512 465 2564 At
483 2509 645 2563 sceleratum
665 2506 809 2576 exquirere
828 2509 914 2578 frigus

114 2587 226 2640 Difficile
245 2590 304 2639 est:
321 2587 414 2654 piceae
428 2590 535 2640 tantum
554 2586 666 2655 taxique
685 2588 828 2638 nocentes.

112 2663 256 2716 Interdum
276 2667 325 2716 aut
313 2663 460 2716 thederae
479 2662 603 2731 pandunt
621 2661 737 2729 vestigia
756 2662 856 2730 nigrae.

146 2739 198 2791 His
216 2739 424 2806 animadversis,
438 2743 542 2793 terram
560 2739 646 2792 multo
666 2742 730 2792 ante
747 2741 887 2792 memento

112 2815 270 2884 Excoquere
289 2819 318 2868 et
336 2831 449 2883 magnos
468 2815 609 2870 scrobibus
629 2815 770 2886 concidere
787 2831 850 2868 mon
852 2815 895 2878 tis,
932 2830 968 2873 auo

111 2893 184 2945 Ante
203 2893 342 2961 supinatas
361 2893 481 2963 aquiloni
499 2877 646 2946 ostendere
664 2891 781 2960 glaebas,

110 2967 196 3029 Quam
215 2969 318 3022 laetum
336 2969 508 3023 infodiasvit
496 2971 533 3023 tis
551 2986 643 3037 genus.
680 2967 801 3036 Optuma
817 2965 893 3034 putri

110 3042 185 3094 Arva
203 3043 275 3096 solo:
291 3044 321 3096 id
341 3045 417 3097 venti
434 3048 530 3098 curant
547 3044 710 3112 gelidaeque
727 3043 840 3110 pruinae

111 3115 145 3169 ιιι
162 3117 296 3172 labefacta
313 3137 424 3173 movens
441 3121 570 3174 robustus
587 3121 682 3187 iugera
698 3119 792 3171 fossor.

111 3191 157 3254 At,
174 3192 197 3244 si
217 3210 285 3260 quos
304 3195 376 3249 haud
394 3196 450 3250 ulla
468 3196 541 3249 viros
559 3195 698 3263 vigilantia
716 3191 796 3258 fugit,
929 3204 963 3246 aas

1036 3349 1052 3480 l
