2152 3506
316 184 319 190 f
338 188 340 194 ,
376 160 452 208 AEN
454 159 559 208 EIDOS
578 161 648 211 LIB,
668 161 691 210 Ι.
931 162 960 208 95

102 242 238 296 Partibus
257 241 393 310 aequabat
410 241 497 307 iustis,
515 242 564 294 aut
582 244 656 294 sorte
675 239 816 296 trahebat:

103 319 177 372 Ourn
196 320 286 372 subito
305 321 414 372 Aeneas
432 335 564 370 concursu
582 317 713 370 accedere
731 334 829 386 magno

103 398 221 452 Anthea
234 399 448 464 Sergestumque
461 394 536 447 videt
549 395 705 462 fortemque
718 394 889 462 Cloanthum,
925 410 961 450 ere

102 475 328 541 Teucrorumque
347 474 421 540 alios,
439 477 499 526 ater
518 489 586 541 quos
605 489 724 540 aequore
742 473 823 527 turbo

103 551 268 620 Dispulerat
287 551 450 619 penitusque
467 549 534 603 alias
552 553 683 603 avexerat
700 566 768 602 oras.

103 628 251 696 Obstipuit
268 626 347 680 simul
366 627 425 694 ipse
443 626 523 678 simul
541 625 681 694 perculsus
702 627 821 680 Achates

104 703 282 772 Laetitiaque
299 706 446 772 metuque;
467 701 538 756 avidi
558 703 720 769 coniungere
739 703 850 756 dextras

104 780 269 846 Ardebant;
291 780 340 834 sed
358 797 403 833 res
422 779 526 833 animos
543 779 682 846 incognita
701 779 801 832 turbat.
925 795 960 832 sia

104 857 295 924 Dissimulant,
315 860 344 910 ct
361 855 434 909 nube
452 872 517 908 cava
535 855 711 924 speculantur
728 856 827 922 amicti,

105 935 183 1000 Quae
200 936 310 989 fortuna
327 935 400 1003 viris,
419 936 533 988 classem
552 951 605 1002 que
624 933 704 987 litore
722 933 854 1001 linquant,

105 1011 181 1075 Quid
198 1012 322 1078 ueniant;
342 1013 446 1065 cunctis
464 1028 526 1064 narn
545 1011 609 1064 lecti
627 1011 741 1063 navibus
758 1010 842 1076 ibant,

105 1087 225 1143 Orontes
243 1089 356 1156 veniam,
376 1093 404 1143 et
422 1089 554 1156 templum
573 1088 690 1142 clamore
708 1087 848 1155 petebant.

142 1165 290 1234 Postquam
303 1165 464 1232 introgressi
477 1170 506 1218 et
519 1181 609 1218 coram
622 1165 689 1218 data
701 1163 777 1232 eopia
789 1162 872 1230 fandi,
924 1177 960 1214 sao

90 1241 252 1294 rManurnus
273 1242 392 1294 Ilioneus
410 1241 516 1310 placido
535 1242 573 1294 sic
591 1245 701 1309 pectore
720 1241 822 1308 eoepit:

105 1317 129 1369 O
151 1318 264 1385 Regina,
282 1335 379 1370 novam
397 1319 440 1370 eui
459 1318 576 1370 condere
596 1317 721 1385 Iuppiter
738 1316 833 1368 urbem

106 1393 274 1462 Iustitiaque
294 1394 372 1446 dedit
390 1394 481 1461 gentis
499 1394 607 1446 frenare
625 1393 762 1460 superbas,

106 1470 191 1524 Troes
210 1474 239 1524 te
257 1471 357 1537 miseri,
377 1470 465 1524 ventis
483 1469 569 1522 maria
587 1469 677 1522 omnia
695 1469 772 1536 vecti,

106 1545 232 1615 Oramus,
250 1547 365 1614 prohibe
383 1546 509 1600 infandos
528 1563 544 1598 a
562 1545 675 1599 navibus
693 1545 770 1612 iguis,
923 1560 959 1599 525

106 1621 192 1676 Parce
210 1623 255 1691 pio
273 1624 375 1691 generi,
395 1627 423 1677 et
440 1623 552 1692 propius
570 1639 614 1676 res
632 1622 722 1690 aspice
740 1625 854 1674 nostras.

106 1699 132 1752 N
135 1717 169 1752 en
188 1717 236 1752 nos
254 1703 302 1752 ant
320 1700 394 1752 ferro
413 1699 528 1768 Libycos
546 1699 677 1768 populare
698 1699 808 1751 Penatis

107 1775 246 1844 Venimus,
265 1780 312 1829 aut
331 1780 423 1845 raptas
441 1775 477 1831 ad
495 1776 576 1829 litora
593 1779 701 1828 vertere
719 1775 850 1842 praedas;

107 1851 168 1904 Non
187 1853 278 1906 ea'vis
296 1852 392 1916 anime,
410 1869 460 1905 neo
477 1856 556 1906 tanta
573 1851 701 1920 superbia
719 1851 804 1903 vietis.

108 1929 158 1980 Est
176 1928 257 1993 locus,
278 1928 442 1996 Hesperiam
461 1928 537 1987 Graii
555 1927 714 1994 cognomine
732 1926 834 1990 dicunt,
924 1939 960 1978 sao

108 2005 191 2058 Terra
209 2005 328 2073 antiqua,
346 2009 444 2072 potens
462 2005 544 2057 armis
562 2008 646 2070 atque
664 2001 749 2054 ubere
767 2000 895 2068 glaebae;

109 2080 222 2134 Oenotri
240 2081 348 2134 coluere
366 2081 432 2145 riri;
450 2096 522 2132 nune
539 2080 619 2144 fama,
638 2079 755 2130 minores

110 2156 217 2209 ltaliam
236 2156 337 2210 dixisse
357 2155 434 2210 ducis
452 2155 487 2209 de
505 2155 614 2208 nomine
631 2157 750 2222 gentem.

110 2232 162 2285 llic
180 2249 275 2286 cursus
291 2232 356 2286 luit:

110 2308 175 2360 Ourn
195 2308 285 2362 subito
303 2308 454 2376 adsurgens
472 2307 557 2360 fluctu
574 2306 713 2360 nimbosus
732 2305 815 2358 Orien
923 2321 959 2360 sat

112 2385 142 2437 ln
160 2385 230 2438 vada
247 2401 326 2438 caeca
344 2385 415 2451 tulit,
433 2384 599 2453 penitusque
617 2381 777 2452 procacibus
795 2384 895 2436 austris

105 2461 216 2528 ‚Perque
234 2455 329 2528 undas,
347 2464 494 2530 superante
513 2459 577 2524 salo,
594 2475 699 2527 perque
717 2458 790 2509 invia
807 2475 874 2512 saxa

112 2536 243 2604 Dispulit;
264 2537 318 2590 huc
334 2537 412 2605 pauci
431 2536 530 2589 vestris
548 2535 707 2588 adnavimus
725 2535 786 2586 oris.

112 2612 189 2677 Quod
206 2630 292 2682 genus
310 2613 361 2666 hoc
378 2613 533 2666 hominuml
556 2627 660 2680 quaeve
678 2611 749 2664 hunc
766 2614 823 2662 tarn
842 2610 960 2663 barbara

91 2742 94 2748 ,
177 2705 280 2744 rnorem

112 2765 250 2818 Permittit
267 2765 373 2833 patriai
395 2764 513 2833 hospitio
530 2763 707 2832 prohibemur
725 2780 837 2830 arenae;
925 2777 961 2816 teo

113 2841 186 2894 bella
204 2843 284 2908 cient,
304 2841 447 2910 primaque
465 2844 561 2893 vetant
579 2840 728 2894 consistere
747 2845 827 2894 terra.

112 2917 138 2970 Si
155 2933 241 2986 genus
259 2917 406 2970 humanum
425 2921 454 2970 et
472 2915 598 2970 mortalia
615 2917 737 2970 temnitis
756 2933 837 2980 arma,

113 2993 149 3047 At
167 2997 276 3062 sperate
295 2993 368 3060 deos,
386 3009 521 3047 memores
538 2992 614 3047 fandi
633 2996 718 3060 atque
736 2992 855 3045 nefandi.

114 3071 169 3124 ilex
187 3072 247 3123 erat
267 3072 376 3122 Aeneas
394 3069 479 3132 nobis,
497 3085 551 3138 quo
570 3068 667 3121 iustior
685 3068 762 3133 alter,

114 3145 167 3200 Nec
185 3145 289 3214 pietate
307 3145 360 3200 fuit
378 3162 427 3198 nee
444 3145 517 3198 bello
535 3145 621 3198 maior
639 3147 668 3196 et
686 3143 774 3195 armis.
926 3155 962 3196 ose

115 3222 197 3290 tinem
215 3221 238 3277 si
256 3222 314 3277 sata
331 3221 419 3276 virurn
438 3225 555 3287 servant,
574 3220 596 3274 si
615 3219 734 3272 vescitur
752 3234 817 3274 aura
