2174 3502
346 179 528 228 AENEIDOS
544 178 613 229 LIB.
631 177 694 228 VII.
910 181 956 227 219
1053 206 1059 221 .

95 262 209 331 Stipitis
227 260 270 314 hic
287 259 395 326 gravidi
411 259 504 324 nodis;
524 258 599 326 quod
618 257 717 326 cuique
735 263 876 326 repertum

97 337 231 402 Rimanti,
250 336 336 389 telum
353 335 395 388 ira
411 335 483 388 facit.
522 335 611 390 Vocat
629 334 738 401 agmina
756 333 899 401 'lp-rhem,

1 421 10 440 ⁹
98 412 293 480 Quadrifidam
313 427 444 479 quercum
462 411 556 464 cuneis
573 414 606 464 ιιι
622 410 694 463 forte
712 409 812 462 coactis

97 488 259 556 Scindebat,
276 491 357 556 rapte
374 487 480 556 spirans
497 488 606 539 inmane
625 485 719 539 securi.
920 497 958 538 no

98 570 141 620 At
159 581 243 620 saeva
260 581 276 617 o
294 563 410 632 speculis
427 566 536 630 tempus
553 562 606 615 dea
623 565 704 614 nacta
722 560 835 614 nocendi

98 641 202 695 Ardua
218 644 294 694 tecta
310 640 381 708 petit
398 638 507 706 stabuli,
526 641 556 691 et
573 638 609 691 de
627 637 744 691 culnrinc
762 653 867 690 sunnno

101 716 245 771 Pastorale
263 716 337 769 canit
355 715 469 782 signum,
487 729 625 782 cornuque
645 729 757 766 recurvo

99 795 262 846 Tartaream
279 791 400 844 intendit
418 806 518 858 vocem,
537 806 592 858 qua
608 789 733 858 protinus
750 805 830 842 omne

100 867 277 920 Contremuit
294 883 390 940 omnus
408 869 436 920 et
453 866 536 920 silvae
553 866 696 920 insonuere
713 864 881 932 profundam
920 878 957 917 515

100 942 204 996 Audiit
221 946 250 996 et
267 941 373 996 Triviae
390 941 469 1010 longe
487 942 574 1006 laeum
592 941 680 995 audiit
697 941 783 994 amnis

101 1019 231 1072 Suliurea
248 1018 273 1070 N
275 1035 306 1071 ar
323 1017 401 1072 albus
419 1018 650 1087 squalentesque
668 1017 766 1082 Velini,

101 1095 140 1149 lit
157 1095 285 1164 trepidae
302 1098 404 1148 matres
421 1111 545 1162 pressere
562 1094 599 1148 ad
616 1097 730 1164 pectora
746 1097 831 1147 nates.

102 1171 174 1225 Tum
193 1188 257 1224 vero
275 1170 312 1223 ad
329 1187 422 1224 vocem
440 1171 550 1238 celeres,
569 1187 623 1239 qua
639 1170 739 1230 bucina
756 1171 862 1237 signnm

102 1247 172 1301 Dira
190 1246 276 1314 dedit,
294 1248 381 1316 raptis
398 1251 561 1302 concurrunt
577 1246 699 1314 undique
716 1245 779 1299 telis
916 1261 953 1302 sm

105 1322 242 1377 indomiti
260 1323 409 1390 agricolae;
426 1339 476 1377 nco
493 1339 547 1376 non
565 1326 595 1376 et
612 1322 693 1376 Troia
709 1320 795 1389 pubes

106 1399 229 1454 Ascanio
246 1399 376 1452 auxilium
393 1401 489 1454 castris
507 1398 623 1453 cilimdit
641 1398 750 1466 apertis.

104 1475 241 1528 Direxere
258 1475 335 1528 acies.
370 1475 432 1528 Non
449 1477 503 1528 iam
521 1474 671 1529 certamine
689 1474 799 1542 agresti,

105 1550 255 1619 Stipitibus
272 1550 349 1604 duris
366 1551 457 1618 agitur
474 1550 620 1604 sudibusve
637 1550 780 1619 praeustis,

10 1649 13 1656 ·
106 1628 164 1681 Sed
182 1626 255 1680 ferre
274 1627 384 1695 ancipiti
403 1628 560 1693 decernunt,
578 1631 693 1696 atraque
712 1627 767 1681 lato
920 1627 957 1670 ⁵²5

107 1703 253 1757 Horrescit
271 1703 374 1757 strictis
391 1721 469 1771 seges
486 1703 604 1770 ensibus,
622 1719 741 1772 aeraque
759 1703 864 1770 fulgent

107 1780 172 1832 Sole
188 1778 321 1845 lacessita,
340 1784 369 1834 et
357 1780 474 1834 tluoern
493 1779 544 1833 sub
560 1746 654 1834 nubila
670 1779 787 1833 iactant:

108 1856 223 1908 Fluctus
239 1855 280 1908 uti
296 1855 384 1923 primo
401 1857 491 1924 coepit
508 1872 569 1910 cnm
587 1856 725 1910 albescere
742 1859 831 1922 vento,
911 1895 951 1961 ,
961 1901 976 1939 s

109 1930 245 1985 Prulatinr
263 1947 323 1984 sese
340 1931 413 1986 tollit
401 1936 505 1986 tmere
523 1935 553 1986 et
570 1932 653 1985 altius
670 1927 771 1986 undas
825 1897 929 2003 steros
910 1942 1000 2008 aspa

110 1989 219 2075 Erigit,
226 2006 316 2060 inde
309 2022 363 2059 nno
381 2008 520 2076 consurgit
508 2007 574 2062 tad
591 2013 637 2063 aet
625 2007 705 2063 thera
720 2007 812 2060 tundo
922 2021 959 2061 sae

110 2083 189 2136 llic
182 2083 286 2135 invenis
303 2083 418 2150 primam
430 2088 499 2138 ante
517 2084 602 2137 aciem
620 2083 756 2136 stridente
774 2083 881 2150 sagitta,

108 2160 245 2213 Natorum
263 2158 375 2226 Tyrrhei
392 2160 483 2214 fuerat
501 2160 548 2228 qni
565 2175 716 2225 maxumus,
735 2159 823 2221 Almo,

107 2235 268 2299 Sternitur3
285 2235 374 2288 haesit
391 2236 464 2289 enim
482 2237 534 2289 snb
551 2241 665 2304 gutture
682 2235 777 2289 volnus
795 2239 824 2289 et
841 2235 913 2288 udae

108 2311 194 2364 Vocis
210 2311 265 2364 iter
282 2314 447 2380 tenuemque
464 2312 574 2366 inclusit
591 2312 721 2379 sangnine
739 2312 829 2365 vitam.

108 2388 232 2456 Corpora
249 2387 335 2440 multa
352 2387 440 2442 virum
457 2389 536 2453 cirea,
554 2389 699 2456 seniorque
716 2388 854 2452 Galaesus
923 2403 959 2442 ⁵35

107 2463 182 2517 Dum
200 2463 261 2531 paci
278 2463 397 2517 medium
415 2481 446 2518 so
463 2465 548 2528 offert,
566 2465 730 2518 iustissimus
748 2482 818 2518 rinus

14 2579 16 2606 ι
109 2540 163 2604 Qui
181 2539 234 2592 fuit
252 2540 435 2609 Ausoniisque
452 2540 517 2594 olim
535 2540 685 2595 ditissimus
702 2541 787 2594 arvis:

15 2653 16 2656 ,
109 2617 238 2684 Quirsque
254 2631 351 2684 greges
369 2617 407 2670 illi
425 2617 572 2684 balantum,
592 2617 675 2684 quina
691 2617 820 2671 redibant

16 2719 18 2726 ,
111 2695 253 2758 Armenta,
272 2697 302 2746 et
318 2697 420 2746 terram
439 2696 548 2747 centum
566 2689 693 2748 vertebat
711 2694 814 2747 aratris.

145 2769 241 2835 Atque
253 2784 286 2822 ea
296 2785 346 2838 per
357 2785 465 2838 campos
476 2786 563 2837 aequo
575 2769 640 2822 dum
653 2769 743 2824 Marte
755 2774 895 2837 geruntur,
924 2780 960 2822 eso

108 2844 242 2897 Promissi
257 2844 310 2898 dea
326 2845 399 2898 facta
416 2849 521 2915 petens,
539 2845 586 2898 ubi
603 2846 733 2913 sanguine
751 2845 852 2899 bellum

108 2919 217 2974 Imbuit
234 2923 263 2974 et
280 2921 385 2988 primae
399 2921 536 2975 commisit
553 2921 649 2975 funera
665 2937 780 2991 pugnae,

108 2995 222 3049 Deserit
240 2995 411 3065 Hesperiam,
429 3001 459 3050 et
476 2998 543 3051 caeli
560 3014 690 3052 conversa
706 3014 757 3065 per
773 3010 853 3049 auras

110 3073 244 3125 lunonem
261 3072 359 3126 victrix
377 3073 487 3126 adfatur
504 3090 569 3128 voce
587 3072 718 3141 superba:

109 3148 160 3213 lin,
178 3147 301 3216 perfecta
317 3148 369 3202 tibi
388 3149 458 3201 bello
477 3148 613 3201 discordia
630 3148 719 3210 tristi;
924 3157 962 3198 tls

110 3224 171 3340 Dic.¹
178 3224 216 3342 8in
233 3224 381 3278 amicitiam
399 3228 496 3276 coeant
514 3227 544 3276 et
561 3221 672 3274 foedera
689 3221 811 3284 iungant.
