2152 3506
88 141 135 190 150
325 138 354 186 P.
375 136 528 184 VERGILL
547 136 712 184 MARONIS

86 217 124 272 Et
142 215 238 271 mediis
255 233 388 284 properas
406 214 576 284 aquilonibus
594 217 634 269 ire
652 232 702 284 per
720 215 814 282 altum,
911 231 950 276 31⁰

87 293 229 346 Crudelisl
259 291 348 356 Quidl
370 293 393 345 si
411 309 465 344 nou
483 308 549 344 arva
566 291 655 345 aliena
674 291 826 360 domosque

88 368 202 436 Ignotas
220 372 338 436 peteres,
357 372 386 422 et
405 368 485 421 Troia
503 368 616 435 antiqua
634 370 765 432 maneret,

87 444 167 498 Troia
185 461 235 513 per
253 445 386 498 undosum
404 448 548 512 peteretur
565 444 697 497 elassibus
715 446 836 512 aequori

87 520 169 574 Mene
182 521 271 589 lugisl
286 521 340 574 Per
351 537 403 588 ego
415 520 464 573 has
474 522 597 574 lacrimas
607 521 789 589 dextramque
799 523 950 574 tuamtc—

89 596 203 659 Quando
215 597 289 650 aliud
302 596 367 648 mihi
379 597 433 650 iam
447 598 562 650 miserae
575 597 642 650 nihil
653 597 713 665 ipsa
726 597 860 665 reliqui-
913 613 951 650 315

89 671 143 726 Per
160 673 293 726 connubia
310 677 411 739 nostra,
430 690 481 742 per
498 674 622 742 inceptos
640 672 810 741 hymenaeos,

89 747 118 800 Si
135 749 205 802 bene
224 749 292 817 quid
310 749 345 802 de
363 753 392 802 te
410 750 505 815 merui,
523 749 576 802 fuit
594 753 642 803 aut
660 749 711 802 tibi
731 751 878 817 quicquam

88 825 174 879 Dulce
193 842 291 891 meum,
310 827 441 879 miserere
460 826 556 878 domus
575 825 692 880 labentis
711 829 740 879 et
757 826 846 887 istam,

89 901 150 965 Oro,
170 902 191 954 si
210 903 271 970 quis
289 903 379 954 adhue
397 901 521 970 precibus
539 901 621 969 locus,
640 919 710 954 exue
727 905 857 954 mentem.

89 976 127 1030 'le
144 980 257 1045 propter
275 976 392 1045 Libycae
409 981 506 1045 gentes
525 977 735 1046 Nomadumque
754 978 860 1045 tyranni
911 992 949 1030 azo

90 1053 188 1119 Odere,
206 1053 304 1106 infensi
323 1053 411 1122 Tyrii;
431 1057 460 1107 te
477 1057 590 1122 propter
608 1054 725 1106 eundem

89 1129 247 1183 Exstinctus
265 1128 353 1197 pudor
372 1133 407 1196 et,
427 1147 481 1198 qua
499 1131 555 1182 sola
573 1129 662 1183 sidera
680 1129 797 1194 adibam,

90 1205 174 1260 Fanra
193 1205 274 1272 prior.
311 1205 360 1258 Oui
379 1222 422 1259 me
440 1205 630 1258 moribundam
649 1206 760 1269 deseris,
777 1206 895 1274 hospesl

90 1283 152 1336 Hoc
170 1283 256 1336 solum
275 1299 372 1336 nomen
391 1284 517 1352 quoniam
536 1283 572 1338 de
589 1284 702 1351 coniuge
720 1285 814 1336 restat.

91 1359 164 1424 Quid
173 1361 281 1414 mororl
294 1377 328 1412 an
341 1377 402 1414 mea
415 1359 572 1428 Pygmalion
585 1359 651 1412 dum
664 1359 770 1412 moenia
781 1359 868 1412 frater
913 1375 951 1412 325

51 1473 52 1478 κ
91 1435 232 1505 Destruet,
250 1440 298 1490 aut
317 1441 424 1505 captam
444 1436 526 1490 ducat
545 1436 676 1490 Gaetulus
695 1435 808 1489 Iarbasl

91 1512 194 1566 Saltem
213 1513 235 1565 si
254 1530 308 1580 qua
327 1513 392 1562 milri
411 1512 445 1563 de
465 1516 493 1564 te
512 1516 638 1580 suscepta
656 1512 754 1565 fuisset

92 1590 167 1640 Ante
186 1588 278 1654 fugam
298 1587 413 1653 suboles,
432 1587 454 1638 si
473 1589 534 1656 quis
552 1589 618 1641 mihi
635 1588 764 1657 parvulus
781 1587 845 1641 aula

91 1663 214 1716 Luderet
234 1665 351 1730 Aeneas,
370 1663 416 1732 qui
435 1667 464 1716 te
483 1667 575 1718 tamen
593 1681 641 1718 ore
659 1664 782 1730 referret,

91 1740 117 1793 N
119 1757 152 1792 oa
171 1739 298 1807 equidem
317 1741 425 1794 omnino
443 1744 524 1809 capta
541 1757 572 1794 ac
590 1741 701 1794 deserta
720 1741 833 1794 viderer.
913 1753 951 1792 eto

126 1816 248 1870 Dixerat.
286 1815 338 1869 Ille
357 1817 430 1870 lovis
447 1817 557 1870 monitis
575 1818 678 1870 inmota
695 1817 809 1871 tenebat

93 1893 213 1958 Lumina,
233 1897 262 1947 ct
280 1892 396 1946 obnixus
414 1909 505 1946 curam
524 1894 574 1947 sub
592 1893 674 1947 eorde
692 1893 843 1962 premebat.

92 1969 213 2022 'landem
231 1987 317 2038 pauca
334 1970 432 2023 refert:
445 1970 511 2038 „Ego
528 1974 564 2036 te,
584 1987 654 2038 quae
671 1970 788 2038 plurima
805 1969 888 2022 fando

93 2045 260 2099 Enumerare
278 2048 357 2108 vales,
376 2063 529 2114 numquam,
550 2047 663 2113 Regina,
682 2045 787 2113 negabo

94 2121 288 2186 Promeritam;
308 2139 358 2175 nee
375 2139 419 2174 me
437 2122 591 2175 meminisse
608 2121 715 2190 pigebit
733 2122 843 2190 Elissae,
914 2137 951 2175 aas

94 2197 165 2250 Dum
183 2215 287 2252 memor
304 2199 362 2266 ipse
380 2198 441 2263 mei,
461 2198 527 2251 dmn
545 2199 657 2266 spiritus
675 2199 724 2252 hos
742 2198 814 2266 regit
831 2202 915 2252 artus.

95 2273 148 2326 Pro
157 2291 188 2326 re
197 2291 283 2341 pauca
291 2274 396 2341 loquar.
432 2276 530 2344 Neque
539 2292 589 2343 ogo
598 2275 668 2328 hauc
677 2275 842 2328 abscondere
851 2273 926 2326 furto

94 2349 216 2417 Speravi,
233 2366 268 2402 ne
287 2349 365 2417 finge,
382 2350 485 2419 fugam,
502 2368 552 2404 nec
570 2351 690 2418 coniugis
707 2367 837 2418 umquam

95 2425 243 2478 l'raeteudi
261 2425 357 2478 taedas
375 2432 422 2480 aut
440 2427 507 2480 haee
525 2427 683 2480 in·foedera
699 2427 771 2482 veni.

94 2502 141 2555 Mc
160 2502 182 2555 si
200 2502 256 2555 fata
275 2503 342 2555 meis
360 2506 521 2570 paterentur
539 2505 640 2556 ducere
658 2503 742 2558 vitam
915 2515 952 2554 333

96 2578 233 2647 Auspiciis
252 2584 280 2632 et
298 2583 395 2647 sponte
412 2597 474 2632 mea
492 2597 644 2648 conponere
663 2596 748 2645 curas,

95 2654 200 2708 Urbem
220 2652 497 2724 Troianam'primum
515 2657 658 2726 dulcisque
674 2673 798 2710 meorum

96 2730 237 2798 Reliquias
255 2731 379 2799 colerem,
399 2732 500 2785 Priami
518 2736 592 2786 tecta
609 2733 666 2786 alta
683 2735 833 2798 manerent,

66 2823 67 2826 ¹
95 2806 132 2861 Et
149 2806 269 2860 recidiva
286 2823 368 2860 manu
386 2809 536 2875 posuissem
556 2808 689 2876 Pergama
706 2809 791 2863 victis

96 2882 153 2936 Sed
169 2899 240 2935 nunc
263 2883 372 2936 Italiam
390 2899 516 2950 maguam
536 2884 659 2951 Gryneus
678 2885 785 2952 Apollo,
916 2897 952 2935 335

97 2957 207 3009 Italiam
226 2958 323 3026 Lyciae
341 2958 444 3011 iussere
463 2975 605 3026 capessere
624 2963 727 3023 sortes3

98 3030 151 3082 Hic
169 3048 252 3100 amor,
269 3033 337 3086 haec
354 3033 443 3102 patria
461 3037 510 3086 est.
548 3034 576 3086 Si
594 3038 623 3086 te
643 3035 821 3102 Karthaginis
839 3050 924 3098 arces,

98 3103 280 3175 Phoenissam,
300 3108 471 3177 Libycaeque
490 3112 616 3176 aspectus
635 3111 742 3164 detinet
759 3111 842 3177 urbis,

99 3178 173 3242 Quae
191 3183 311 3251 tandem,
330 3186 451 3237 Ausonia
470 3185 586 3237 Teucros
604 3185 745 3239 considere
764 3191 846 3253 terra,
