2152 3506
79 115 125 162 154
219 110 230 124 '
306 113 336 161 P.
355 112 510 161 VERGILI
528 113 696 162 MARONIS

78 190 115 244 ut
127 191 212 244 solem
223 191 361 258 geminum
374 194 403 244 et
415 191 531 260 duplicis
543 208 572 245 sc
584 193 731 249 ostendere
743 196 853 250 Thebas
860 217 866 260 ;
895 211 933 250 eto

78 268 137 320 Aut
156 267 387 334 Agamemnonius
406 269 510 321 scaenis
527 269 648 336 agitatus
667 270 780 326 Orestes

78 346 222 395 Armatam
240 343 342 396 facibus
360 348 476 397 matrem
496 349 524 397 et
542 345 716 412 serpentibus
732 349 801 402 atris
849 365 858 417 ς

66 419 146 472 'Cum
164 420 242 488 fugit,
260 419 428 487 ultricesque
447 420 545 474 sedent
561 420 590 474 in
608 420 702 474 limine
720 422 811 478 Dirae.
823 436 856 522 )<

112 495 184 563 Ergo
202 496 248 548 ubi
266 497 391 564 concepit
408 495 494 549 furias
512 497 601 549 evicta
619 496 714 551 dolore

79 574 261 642 Decrevitque
278 573 355 638 niori,
374 576 483 641 tempus
502 589 594 626 secum
612 573 671 641 ipsa
688 575 856 645 modumque
897 593 934 632 475

77 649 178 718 Exigit,
196 653 233 716 et,
253 653 385 702 maestam
404 649 486 702 dictis
504 648 635 716 adgressa
653 665 782 717 sororem,

78 727 226 780 Consilium
244 726 321 779 voltu
339 726 416 793 tegit,
435 741 467 778 ac
485 741 561 792 spem
579 724 669 778 fronte
688 731 811 781 serenat:

79 802 180 868 Inveni,
198 819 335 870 germana,
354 803 577 870 viarm—gratare
596 802 718 855 sorori—

78 880 154 942 Quae
173 878 238 932 mihi
256 878 358 931 reddat
376 894 446 945 eum,
464 876 507 930 vel
525 893 558 929 eo
576 893 620 930 me
639 878 728 932 solvat
745 883 891 933 curantem.

78 954 178 1007 Oceani
196 955 277 1008 finem
296 954 374 1008 iuxta
392 954 531 1022 solemque
550 953 693 1007 cadentem
898 971 934 1009 eso

79 1030 198 1084 Ultimus
217 1029 385 1097 Aethiopum
403 1030 477 1083 locus
495 1032 545 1093 est,
564 1029 611 1082 ubi
628 1047 771 1084 maxumus
790 1031 872 1086 Atlas

79 1109 170 1159 Auem
188 1107 301 1160 humero
319 1109 431 1173 torquet
450 1105 537 1159 stellis
556 1105 718 1159 ardentibus
736 1111 844 1175 aptum:

80 1183 152 1236 Hinc
169 1184 234 1235 mihi
254 1183 388 1250 Massylae
406 1183 497 1250 gentis
514 1185 666 1235 monstrata
684 1183 816 1248 sacerdos,

80 1259 265 1327 Hesperidum
284 1259 378 1326 templi
397 1263 495 1325 custos,
515 1259 665 1326 epulasque
683 1259 794 1312 draconi

80 1335 155 1400 Quae
174 1336 258 1389 dabat
276 1339 305 1389 et
324 1353 413 1388 sacros
433 1334 560 1388 servabat
578 1335 606 1387 in
624 1335 722 1388 arbore
740 1353 837 1402 ramae,
896 1352 933 1387 sas

79 1414 217 1480 spargens
235 1412 348 1464 humida
366 1412 446 1464 mella
458 1411 694 1480 soporiferumque
712 1429 836 1480 papaver.

80 1489 157 1541 llaec
175 1505 203 1541 se
222 1489 384 1542 carminibus
401 1488 540 1554 promittit
558 1488 663 1541 solvere
682 1494 797 1554 mentes,

80 1566 151 1628 Quas
169 1563 244 1630 velit,
262 1566 304 1615 ast
322 1563 381 1616 aliis
399 1563 481 1615 duras
500 1563 639 1616 inmittere
657 1581 750 1629 curas,

79 1639 182 1692 Sistere
200 1655 298 1707 aquam
318 1639 412 1702 fluviis,
430 1642 459 1691 et
477 1643 586 1692 vertere
605 1639 695 1692 sidera
713 1644 802 1707 retr0;

79 1715 287 1788 Nocturnosque
305 1715 361 1767 ciet
379 1715 483 1779 Manis;
502 1717 606 1783 mugire
624 1716 731 1770 videbis
896 1733 933 1771 aaa

78 1787 134 1844 Sub
152 1791 269 1860 pedibus
287 1794 396 1858 terram,
416 1795 445 1844 et
463 1792 629 1846 descendere
647 1793 784 1846 montibus
802 1809 888 1848 ornos.

78 1868 182 1934 Testor,
202 1885 272 1934 cara,
292 1867 357 1920 deos
376 1870 404 1920 et
423 1871 458 1935 te,
476 1885 614 1935 germana,
635 1871 767 1937 tuumque

78 1944 165 1998 Dulce
184 1948 273 2012 caput,
290 1944 410 2012 magicas
427 1945 538 1996 invitam
558 1945 693 2012 accingier
711 1948 784 1998 artie.

78 2020 118 2073 'iu
136 2025 242 2074 secreta
259 2037 353 2088 pyram
371 2023 445 2074 tecto
463 2021 592 2074 interiore
611 2021 661 2074 sub
680 2037 759 2074 auras

78 2097 168 2164 Erige,
187 2101 216 2150 ct
234 2114 309 2150 arma
328 2097 385 2164 viri,
404 2096 523 2150 thalamo
542 2113 612 2164 quae
631 2097 685 2149 fixa
702 2096 815 2164 reliquit
895 2111 931 2150 sea

79 2173 189 2241 Impius,
208 2175 373 2241 exuviasque
392 2175 485 2241 omnis,
503 2173 659 2240 lectumque
677 2173 800 2240 iugalem,

79 2247 137 2311 Quo
156 2251 233 2317 perii,
252 2251 477 2317 superinponant:
499 2249 608 2302 abolere
625 2249 734 2302 nefandi

78 2324 183 2377 Cuncta
201 2325 250 2377 viri
269 2329 445 2378 monumenta
462 2327 545 2392 iuvat,
565 2328 754 2393 monstratque
772 2322 906 2378 sacerdos.

79 2400 156 2454 Haec
174 2401 255 2455 effata
274 2401 350 2465 silet;
370 2401 458 2469 pallor
475 2402 555 2454 simul
572 2406 687 2469 occupat
704 2418 759 2454 ora.

12 2476 140 2561 jkNon
158 2481 250 2531 tamen
270 2480 351 2531 Anna
369 2478 444 2532 novis
462 2481 626 2546 praetexere
644 2478 751 2550 funere-
759 2477 841 2530 sacris
895 2491 932 2527 seo

78 2553 241 2608 Gennanam
259 2554 354 2620 credit,
373 2570 423 2607 nec
440 2558 531 2607 tantos
549 2557 641 2607 mente
658 2552 764 2606 furores
822 2572 825 2577 ·

78 2629 210 2699 Concipit,
229 2635 276 2685 aut
294 2631 418 2698 graviora
435 2631 523 2697 timet,
543 2647 625 2698 quam
643 2633 732 2683 morte
751 2629 869 2698 Sychaei.

78 2706 150 2772 Ergo
169 2707 241 2760 iussa
260 2712 345 2776 parat.

114 2785 153 2834 nt
172 2785 272 2852 regina,
291 2801 357 2852 pyra
375 2783 511 2851 penetrali
528 2783 556 2836 in
575 2784 641 2836 sede
653 2781 711 2850 ¹sub
729 2798 809 2835 auras

78 2859 177 2911 llrecta
194 2861 298 2927 ingenti
315 2859 405 2912 taedis
423 2863 507 2926 atque
525 2860 587 2912 ilice
605 2863 686 2927 secta,
896 2873 933 2911 sos

78 2933 257 3002 intenditque
278 2937 364 2989 locum
383 2935 464 2987 sertis
483 2938 511 2987 et
529 2935 627 2988 fronde
645 2938 757 2990 coronat

78 3005 218 3074 Funerea3
240 3029 321 3079 super
339 3011 449 3064 exuvias
468 3027 614 3078 ensemque
631 3011 757 3064 relictum

78 3081 256 3152 Effigiemquc
275 3093 335 3139 toro
353 3087 431 3151 locat,
450 3086 524 3138 haud
543 3087 638 3152 ignara
655 3086 749 3139 futuri.

78 3153 160 3208 Stant
177 3175 240 3212 arae
258 3163 365 3225 circum,
384 3165 413 3214 et
432 3162 513 3213 crinis
531 3162 616 3214 effusa
634 3160 761 3214 sacerdos
