2152 3506
386 149 571 198 auuaiuos
591 150 660 197 LIB.
681 149 730 197 IV.
942 153 987 200 143

130 233 174 286 Sic
193 231 277 285 effata
295 231 384 283 sinum
402 230 520 284 lacrimis
538 229 652 298 inplevit
671 229 781 286 obortis.
964 247 990 288 so

126 311 132 322 '
165 311 249 362 Anna
266 307 364 360 refert:
385 307 408 358 Ο
427 307 486 360 luce
507 307 592 373 magis
614 306 713 360 dilecta
731 310 823 378 sorori,

131 385 230 438 Solane
248 387 383 453 perpetua
400 401 526 437 maerens
545 399 657 450 carpere
676 383 794 451 iuventa,

130 462 188 515 Nec
208 460 297 514 dulcis
314 464 401 528 nates,
421 460 537 514 Veneris
557 476 605 513 nec
625 461 748 528 praemia
765 463 855 517 norisi

131 538 166 590 ld
184 537 305 591 cinerem
323 540 372 590 aut
392 537 481 590 Manis
500 535 588 590 credis
608 553 706 589 curare
724 537 865 605 sepultesi

129 615 211 668 Este:
230 630 340 682 aegram
359 613 424 665 nulli
444 613 580 681 quendem
601 611 703 666 flexere
721 614 818 680 mariti,
962 632 986 672 ss

129 691 193 744 Nen
212 689 320 758 Libyae,
338 707 392 742 nen
411 694 475 743 ante
494 690 579 758 Tyro;
597 689 744 758 despectus
763 689 858 744 Iarbas

129 767 321 836 Ductoresque
339 767 391 834 alii,
411 784 479 836 ques
499 768 594 820 Africa
613 771 688 821 terra
706 767 852 836 triumphis

128 843 214 896 Dives
232 843 297 896 alit:
315 843 448 911 placitone
467 845 549 898 etiam
569 843 701 912 pugnabis
719 845 820 898 amorii

128 920 155 972 N
157 936 189 973 ec
207 921 282 972 venit
300 921 328 972 in
346 925 473 987 mentem,
494 938 607 989 querum
627 921 781 974 consederis
800 923 887 975 arvis?

129 997 205 1049 Hinc
224 996 357 1050 Gaetulae
376 998 465 1064 urbes,
484 1015 570 1066 genus
588 998 769 1067 insuperabile
787 998 865 1064 belle,
963 1013 987 1052 sc

129 1073 166 1124 lit
186 1072 323 1126 Numidae
340 1073 439 1126 infreni
459 1075 571 1142 cingunt
590 1078 618 1127 et
636 1075 772 1142 inhospita
791 1074 893 1140 Syrtis;

129 1149 205 1202 Hinc
224 1148 335 1202 deserte
353 1150 398 1202 siti
417 1151 499 1218 regie,
518 1150 627 1219 lateque
645 1152 767 1203 furentes

129 1225 253 1278 Barcaei.
290 1225 363 1291 Quid
380 1226 452 1280 bellu
471 1228 539 1296 Tyro
559 1229 697 1293 surgentia
716 1227 811 1292 dicam,

129 1301 317 1370 Germanique
335 1303 438 1357 minas?

128 1378 181 1431 Dis
199 1377 328 1446 equidem
346 1379 499 1446 auspicibus
517 1395 579 1430 reer
598 1382 627 1430 et
646 1379 750 1430 Iunone
769 1381 888 1432 secunda
963 1393 986 1433 le

129 1455 214 1508 Hunc
232 1471 341 1508 cursum
362 1454 457 1508 Iliacas
476 1459 558 1508 vente
577 1455 697 1506 tenuisse
716 1455 827 1507 carinas.

129 1533 218 1596 Quam
232 1535 264 1585 tu
277 1531 380 1598 urbem,
393 1548 475 1597 seror,
489 1531 559 1584 hanc
572 1547 672 1597 cernes,
686 1547 756 1597 quae
769 1547 881 1599 surgere
894 1549 978 1601 regna

128 1608 263 1675 Coniugio
281 1607 343 1661 tali!
367 1608 499 1661 'l'eucrum
518 1605 710 1660 comitantibus
729 1609 810 1660 amisis

128 1685 233 1737 Punica
252 1687 408 1752 sequentis
427 1678 535 1737 attell'ct
553 1683 640 1751 gloria
658 1683 751 1738 rebus!

127 1761 170 1814 'lu
189 1760 271 1814 mede
289 1777 369 1829 pesce
388 1761 453 1814 dees
474 1761 586 1827 veniam,
607 1761 744 1828 sacrisque
762 1762 846 1815 litatis
962 1776 987 1814 se

129 1837 249 1905 indulge
266 1837 390 1906 hospitio,
408 1854 572 1905 caussasque
591 1837 698 1891 innecte
716 1837 846 1902 morandi,

128 1915 203 1967 Dum
221 1913 318 1983 pelage
336 1914 457 1967 desaevit
476 1913 581 1982 hiemps
601 1917 629 1966 et
648 1931 764 1981 aquosus
785 1913 876 1981 Orien,

128 1991 336 2059 Quassataeque
354 1994 434 2059 rates,
453 1991 519 2044 dum
538 2008 591 2043 nen
611 1989 754 2043 tractabile
772 1990 883 2042 caelum.

164 2068 219 2121 His
238 2067 318 2121 dictis
336 2068 474 2121 incensum
493 2067 613 2120 animum
631 2066 809 2119 inflammavit
827 2082 926 2132 aluere,

128 2147 269 2214 Spemque
288 2144 366 2198 dedit
386 2143 483 2197 dubiae
503 2144 595 2211 menti,
616 2142 750 2210 solvitque
769 2142 906 2209 pudorem.
962 2157 987 2195 55

129 2222 267 2290 Principio
286 2221 401 2274 delubra
421 2221 529 2286 adeunt,
550 2236 700 2289 pacemque
717 2235 767 2287 per
787 2235 847 2271 aras

128 2299 302 2367 Exquirunt5
320 2301 441 2350 mactant
459 2296 543 2348 lectas
564 2297 599 2349 de
617 2313 692 2349 niore
710 2295 829 2348 bidentis

129 2375 273 2443 Legiferae
293 2374 386 2428 Cereri
406 2373 572 2440 Phoebeque
591 2373 719 2441 patrique
739 2371 834 2440 Lyaeo,

128 2453 228 2506 Iunoni
247 2456 311 2506 ante
330 2451 423 2518 omnis,
442 2449 485 2502 cui
505 2449 591 2502 vinela
609 2449 709 2516 iugalia
727 2465 812 2501 curae.

117 2526 203 2597 ¹lpse,
221 2532 319 2582 tenens
337 2527 435 2580 dextra
453 2529 583 2594 pateram,
604 2524 786 2593 pulcherrima
804 2524 875 2576 Dide
964 2537 988 2576 ee

120 2605 281 2658 mandentis
299 2621 396 2657 uaccae
415 2601 506 2655 media
524 2602 597 2654 inter
616 2617 716 2652 cernua
733 2599 831 2665 fundit,

129 2684 190 2735 Aut
208 2686 272 2736 ante
291 2697 339 2734 era
357 2680 440 2733 deum
457 2679 565 2748 pinguis
585 2676 720 2746 spatiatur
738 2675 774 2728 ad
791 2693 859 2742 aras,

128 2758 326 2826 Instauratque
344 2756 418 2810 diem
436 2755 520 2824 denis,
540 2753 730 2824 pecudumque
749 2751 861 2805 reclusis

127 2833 290 2888 Pectoribus
306 2834 414 2902 inhians
433 2832 563 2901 spirantia
582 2830 695 2883 consulit
714 2831 785 2882 exta.

128 2911 195 2965 Heu
213 2914 307 2964 vatum
325 2911 436 2978 ignarae
453 2910 572 2962 mentes!
594 2906 660 2975 quid
678 2908 741 2958 veta
757 2905 902 2966 furentem,
963 2915 988 2954 aa

128 2987 203 3053 Quid
222 2986 338 3040 delubra
355 2987 466 3040 iuranti
504 2985 553 3037 usu
572 2982 659 3034 mellis
677 2980 785 3033 flamma
803 2976 936 3032 medullas

130 3064 251 3130 Interea,
269 3067 299 3116 et
317 3063 433 3116 tacitum
450 3062 517 3118 uiuit
536 3059 586 3113 sub
604 3061 715 3126 pectere
732 3055 835 3107 relnus.

129 3140 230 3194 Uritur
247 3139 344 3210 infeli}
363 3139 435 3191 Dide
453 3141 569 3203 totaque
588 3134 703 3198 vagatur

129 3216 208 3272 Urbe
225 3211 433 3283 hrremstquabs
451 3212 574 3265 coniecta
592 3220 671 3258 cerva
689 3202 798 3268 sagitta,
