2174 3502
115 166 161 216 176
346 164 374 211 Ρ.
394 164 546 214 VERGILI
564 165 728 217 MARONIS

115 244 265 311 Sideraque
283 260 408 298 emensae
426 245 632 318 ferimur,·dum
649 266 700 317 per
717 267 794 306 mare
811 271 942 324 maguum

115 321 224 374 ltaliam
242 320 381 388 sequimur
398 321 555 393 fugientem,
573 329 602 380 et
619 326 753 380 volvimur
770 331 858 385 undis.

114 397 169 450 llic
188 397 281 465 Erycis
298 398 366 452 fines
383 398 504 467 fraterni,
522 405 605 470 atque
622 402 721 471 hospes
740 405 871 462 Acestes:
928 424 968 463 oso

113 474 180 538 Quis
197 473 324 543 prohibet
341 491 432 528 muros
449 476 538 531 iacere
556 481 585 531 et
603 477 670 531 dare
688 479 791 534 civibus
807 483 920 539 urbeml

113 553 136 601 l)
155 551 245 619 patrie
263 554 291 604 et
309 552 381 619 rapti
399 553 564 622 nequiquam
582 570 617 607 en
635 555 713 609 hoste
733 556 859 626 Penates,

112 625 229 680 Nullane
246 628 300 680 iam
319 627 415 680 Troiae
433 627 560 684 dicentur
577 631 700 686 moenial
717 649 852 702 nusquam

113 702 265 758 Hectoreos
282 705 377 773 amnis,
396 704 536 759 Xanthum
555 711 584 760 et
602 707 748 775 Simoenta,
766 710 885 766 videbol

113 780 184 843 Quin
202 782 275 849 agite
292 786 321 836 et
339 799 444 836 meeum
462 783 593 838 infaustas
610 786 718 839 exurite
734 787 841 855 puppis.
927 802 967 842 sss

112 854 138 906 N
140 873 184 909 am
201 858 267 911 mihi
287 858 455 913 Cassandrae
472 877 522 928 per
540 877 663 915 somnum
681 863 750 916 vatis
767 864 857 931 imago

113 932 246 987 Ardentis
264 935 329 988 dare
348 937 404 989 visa
421 938 505 990 finees:
530 938 585 991 Hie
602 939 727 1008 quaerite
745 939 867 1006 Troiam3

112 1007 166 1062 Hie
183 1009 279 1064 domus
297 1015 346 1079 est,
363 1013 460 1081 inquit,
478 1013 561 1068 vobis.
599 1015 659 1068 Iam
676 1019 783 1084 tempus
801 1017 846 1084 agi
863 1033 913 1072 res

111 1083 137 1136 N
139 1101 169 1138 ec
186 1088 271 1140 tantis
288 1105 364 1142 mora
381 1091 518 1159 prodigiis,
556 1093 597 1145 En
616 1095 747 1161 quattuor
764 1109 827 1146 arao

110 1159 137 1213 N
139 1167 255 1231 optuno;
276 1165 344 1219 deus
361 1167 420 1234 ipso
438 1169 508 1222 faces
526 1169 699 1237 animumque
716 1169 860 1221 ministrat.
925 1181 965 1220 eso

111 1237 189 1294 Haec
206 1259 358 1295 memorans
374 1243 462 1311 prima
479 1244 614 1298 infensum
632 1246 659 1298 vi
676 1244 788 1313 corripit
804 1244 901 1310 ignem,

111 1317 279 1388 sublataque
296 1321 389 1389 procul
406 1320 506 1375 dextra
522 1323 637 1376 connixa
654 1322 785 1387 coruscat,

110 1392 148 1446 nr.
164 1396 235 1451 iacit,
264 1398 404 1466 ¹Arreetee
422 1400 528 1452 mentes
545 1397 754 1467 stupefactaque
771 1394 859 1449 eorda'

110 1469 236 1527 Iliadum.
274 1474 328 1529 Hic
346 1493 400 1529 una
417 1490 432 1526 e
450 1473 550 1542 multis
567 1491 638 1543 quae
655 1487 782 1528 maxuma
798 1473 874 1536 natu,

110 1546 208 1617 Pyrgo,
226 1555 270 1604 tot
288 1551 390 1604 Priami
407 1553 532 1604 natomm
550 1551 626 1619 regia
642 1549 749 1603 nutrix:
764 1571 768 1580 ·
923 1560 964 1601 sss

111 1621 173 1677 Non
191 1626 279 1681 Beroe
296 1627 379 1694 vobis,
398 1643 451 1680 non
468 1627 535 1682 haee
554 1627 696 1693 Rhoeteia,
714 1629 823 1689 matres,

110 1700 160 1754 Est
179 1701 288 1772 Dorycli
304 1704 436 1770 coniunx3
453 1704 538 1758 divini
555 1705 632 1772 signa
649 1702 758 1757 decoris-

110 1777 299 1849 Artlentisquo
316 1783 410 1835 notato
429 1781 534 1846 oculos;
552 1782 600 1850 qui
617 1780 730 1849 spiritus
747 1777 794 1844 illi,

110 1853 162 1917 Qui
180 1856 277 1923 soltus,
295 1858 422 1926 vochque
440 1874 527 1925 sonus,
545 1857 588 1910 vel
605 1873 716 1925 gressus
733 1854 816 1908 eunti.

110 1930 175 1997 Ipsa
192 1938 301 2000 egomet
319 1933 423 1987 dudum
441 1932 548 1986 Beroen
567 1933 690 2002 digresse
707 1930 804 1999 reliqui
924 1945 964 1984 seo

110 2008 238 2078 Aegram,
255 2009 452 2077 indignantem,
470 2010 519 2063 tali
537 2010 612 2078 quod
630 2009 687 2063 sola
703 2009 810 2060 careret

108 2083 230 2152 Munere,
249 2105 298 2141 nee
316 2088 429 2142 meritos
449 2085 586 2140 Anchisae
603 2085 718 2138 inferret
734 2082 858 2136 honores.

109 2159 186 2215 Ilaec
204 2162 292 2216 effata.

107 2236 148 2289 At
166 2242 267 2292 matres
285 2240 373 2308 primo
391 2239 532 2308 ancipites,
552 2237 689 2306 oculisque
707 2234 832 2302 rinalignis

109 2314 262 2383 Ambiguae
279 2321 404 2384 spectare
421 2319 496 2385 rates
513 2314 644 2368 miserum
661 2313 735 2366 inter
752 2325 871 2365 amorem
923 2326 963 2367 sos

108 2389 264 2442 Praesentis
281 2393 373 2443 terrae
390 2391 510 2460 fatisque
527 2391 651 2444 vocantia
668 2405 764 2458 regna:

108 2465 176 2518 (lum
194 2466 246 2519 dea
263 2483 292 2520 so
310 2466 420 2535 paribus
438 2485 487 2536 per
505 2467 609 2520 caelum
628 2466 739 2520 sustulit
757 2464 807 2518 alis

109 2540 306 2613 lugentemque
322 2544 388 2611 iuga
406 2546 492 2599 secuit
510 2544 560 2597 sub
577 2544 696 2597 nubibus
708 2557 807 2594 arcum.

106 2619 173 2674 l'um
191 2638 255 2674 vero
272 2621 406 2675 attonitae
424 2623 552 2675 monstris
570 2625 702 2688 actaeque
719 2619 812 2671 furore

106 2695 289 2764 Conclamant,
306 2699 472 2767 rapiuntque
488 2697 556 2750 focis
573 2695 759 2765 penetralibus
776 2694 882 2762 ignem3
921 2708 958 2745 eoo

106 2771 173 2828 Pars
190 2775 392 2844 spoliantibus,
409 2774 534 2828 frondem
552 2790 583 2826 ac
601 2773 719 2841 virgulta
734 2771 863 2836 facesque

105 2847 263 2906 Coniieinnt.
300 2855 379 2906 Furit
396 2853 514 2907 inmissis
534 2851 668 2904 Volcanus
685 2847 799 2903 habenis

104 2924 234 2981 Transtra
251 2943 301 2996 per
319 2929 348 2979 et
365 2943 454 2980 remos
473 2933 501 2981 et
518 2928 605 2995 pictas
623 2925 713 2978 abiete
730 2922 836 2992 puppis

104 3000 224 3054 Nuntius
243 3003 378 3057 Anchisae
396 3003 431 3055 ad
449 3002 585 3071 tumulum
603 3014 757 3069 cuneosque
775 2996 878 3052 theatri

104 3075 232 3129 Incensus
249 3079 354 3146 perfert
371 3077 447 3130 navis
466 3076 604 3138 llumelus,
622 3080 652 3130 et
669 3076 722 3143 ipsi
920 3083 972 3138 ιῦό,

104 3151 264 3220 Respiciunt
282 3157 370 3208 atram
388 3153 417 3206 in
435 3152 528 3206 nimbo
546 3150 660 3205 volitare
677 3150 804 3204 favillam.

17 3283 33 3292 h
105 3225 213 3280 Primus
229 3231 259 3280 et
278 3229 418 3297 Ascanius,
436 3244 531 3283 cursus
548 3231 581 3282 ut
598 3226 686 3283 lacteis
705 3226 843 3297 equestris
