2152 3506
382 146 563 196 AENEIDOS
580 149 649 198 LIB.
670 149 707 197 11.
923 153 968 204 107

122 227 185 280 Neu
203 226 332 296 populum
351 226 464 295 antiqua
482 227 532 280 sub
551 229 681 296 religione
699 231 777 284 tueri.

122 303 193 356 Nam
212 302 235 355 si
253 307 345 366 vestra
362 319 458 356 manus
475 304 604 358 violasset
622 305 695 358 dona
713 307 859 376 Minervae,

121 381 189 433 Tmn
199 395 327 446 magnum
337 378 562 448 exitium—quod
572 381 600 433 di
610 383 685 449 prius
695 399 774 436 omen
783 384 811 436 in
820 385 909 452 ipsum
934 399 971 440 1so

121 455 439 512 Convertantl-l’riami
458 457 562 524 inperio
582 457 790 526 Phrygibusque
807 460 946 527 suturnm3

121 535 167 588 Sin
186 531 310 586 manibus
328 533 427 584 vestris
445 538 565 586 vestram
584 534 752 589 ascendisset
769 537 796 589 in
814 537 918 606 urbem,

120 611 201 664 Ultro
222 610 316 662 Asiam
334 626 432 676 magno
451 609 570 678 Pelopea
588 612 623 664 ad
641 613 748 666 moenia
764 612 835 666 bello

120 688 280 752 Venturam,
300 689 329 738 et
347 689 455 738 nostros
472 703 505 739 ea
522 687 581 740 iata
598 705 709 742 manere
727 694 846 757 nepotes

154 763 265 816 Talibus
283 761 390 814 insidiis
407 763 563 832 periurique
582 769 641 818 arte
660 766 767 819 Sinonis
935 783 971 822 rat

120 841 233 896 Credita
251 857 302 906 res,
321 840 449 908 captique
468 839 536 893 dolis
555 841 726 910 lacrimisque
744 845 849 913 coactis,
872 857 879 885 s

120 919 194 983 Quos
212 934 301 985 neque
319 916 445 984 Tydides,
465 934 514 970 nec
533 917 689 971 Larissaeus
708 919 852 994 Achillcsp

119 995 181 1048 Non
200 995 262 1047 anni
281 993 411 1046 domuere
430 992 531 1059 deceni,
550 1011 602 1047 non
622 995 695 1048 mille
713 996 831 1050 carinae!

154 1071 208 1124 Hie
226 1069 301 1124 aliud
319 1071 405 1123 maius
423 1070 530 1123 miseris
548 1071 688 1140 multoque
706 1073 878 1126 tremendum

118 1148 254 1201 flbiicitur
271 1147 364 1214 magis,
383 1151 467 1214 atque
485 1147 625 1215 inprovida
644 1151 754 1220 pectora
772 1149 873 1202 turbat.
934 1165 970 1205 aba

119 1225 249 1291 Laocoon,
268 1223 367 1277 duetus
385 1224 515 1292 Neptuno
533 1229 607 1278 sorte
625 1226 757 1290 sacerdos,

118 1301 261 1355 Sollenmis
279 1305 388 1353 taurum
407 1301 546 1367 ingentem
564 1302 702 1355 mactabat
720 1303 756 1355 ad
773 1319 840 1356 aras.

118 1378 188 1431 Ecce
206 1381 297 1430 autern
316 1377 415 1444 gemini
434 1393 451 1428 a
470 1377 580 1430 Tenedo
599 1379 746 1446 tranquilla
764 1396 815 1448 per
832 1379 922 1432 alta-

118 1455 256 1508 Horreseo
274 1453 560 1506 referens-inmensis
578 1453 689 1506 orbibus
709 1471 810 1520 angues

118 1530 285 1585 incumbunt
303 1529 407 1597 pelago,
424 1529 583 1598 pariterque
601 1530 637 1582 ud
656 1530 735 1583 litora
754 1532 885 1597 tendunt3
932 1548 968 1588 aas

118 1607 233 1661 Pectora
252 1622 364 1674 quorum
384 1607 457 1658 inter
475 1605 574 1659 fluctus
592 1610 699 1660 arrecta
717 1607 852 1675 iubaeque

118 1686 286 1751 Sanguineae
304 1687 434 1750 superant
452 1682 553 1744 uudas;
571 1699 634 1751 para
652 1688 745 1737 cetera
762 1682 874 1753 pontum

119 1761 192 1814 l’one
209 1760 276 1826 legit
295 1759 439 1826 sinuatque
457 1758 579 1811 inmensa
597 1759 730 1812 volumine
749 1765 833 1828 terga.

118 1838 164 1891 Fit
183 1838 287 1890 sonitus
306 1838 450 1903 spumante
468 1834 537 1898 salo;
556 1835 665 1904 iamque
683 1853 748 1888 arva
765 1837 903 1904 terrebant,

77 1918 79 1926 '
117 1914 304 1981 Ardentisque
323 1912 412 1964 oeulos
431 1911 535 1965 suffecti
554 1913 684 1979 sanguine
702 1916 731 1965 et
747 1913 811 1980 igni,
931 1928 968 1968 210

117 1990 201 2044 Sibila
217 1989 375 2043 lambebant
393 1987 492 2054 linguis
510 1987 680 2041 vibrantibus
699 2006 751 2041 ora.

117 2067 281 2135 Diffugimus
299 2067 357 2118 visu
375 2079 532 2130 exsangues.
572 2064 615 2116 llli
634 2065 741 2131 agmine
760 2070 834 2120 certo

118 2144 273 2197 Laocoonta
290 2145 403 2211 petunt3
422 2144 451 2193 et
468 2141 586 2208 primum
604 2157 688 2208 parva
706 2141 821 2194 duorum

118 2221 237 2288 (lor-pora
255 2222 381 2271 natorum
400 2233 512 2286 serpens
531 2216 670 2284 amplexus
688 2220 807 2285 uterque

43 2297 46 2302 '
118 2297 236 2364 inplicat
254 2298 282 2347 et
299 2295 412 2347 miseros
430 2309 521 2346 morsu
539 2292 696 2361 depascitur
714 2297 804 2357 artus;
932 2310 969 2349 ale

119 2373 185 2425 Post
203 2373 299 2440 ipsum,
317 2370 417 2424 auxilio
436 2370 598 2424 subeuntem
617 2387 648 2422 ae
667 2370 722 2422 tela
739 2370 880 2438 ferentem,

119 2449 284 2516 Corripiunt,
304 2448 439 2515 spirisque
457 2447 544 2514 ligant
562 2445 733 2513 ingentibus3
752 2451 780 2500 et
798 2447 852 2499 iarn

119 2527 166 2580 Bis
184 2525 304 2580 medium
324 2524 449 2592 amplexi,
469 2523 511 2576 bis
529 2522 597 2575 eollo
616 2540 745 2590 squamea
763 2523 864 2576 circum

118 2604 206 2669 Terga
224 2602 289 2668 dati,
308 2606 438 2669 superant
455 2602 544 2669 eapite
563 2603 591 2652 et
609 2599 758 2666 cervicibus
775 2598 844 2653 altis.

120 2680 170 2732 llle
188 2678 268 2731 simul
287 2679 411 2731 manibus
429 2677 521 2730 tendit
539 2676 667 2730 divellere
684 2674 777 2744 nodos,
933 2689 967 2729 aas

120 2756 249 2809 Perfusus
267 2757 342 2809 sanie
358 2758 442 2809 vittas
461 2759 576 2822 atroque
595 2770 704 2818 veneno,

119 2835 257 2889 Clamores
276 2835 354 2888 simul
373 2833 523 2887 horrendos
541 2831 577 2884 ad
596 2831 686 2884 sidera
703 2829 788 2883 tollit:

118 2912 210 2975 Qualis
227 2913 355 2980 mugitus,
373 2911 444 2979 sugit
462 2927 522 2964 euni
542 2908 647 2962 saucius
665 2924 738 2959 arani

118 2989 223 3042 Taurus
242 2993 269 3042 et
287 2990 421 3042 incertam
440 2987 558 3041 excussit
577 2985 680 3037 cervice
699 2983 819 3035 securim.

119 3069 159 3120 nt
176 3065 278 3135 gemini
298 3067 375 3134 lapsu
394 3063 508 3118 delubra
526 3063 562 3116 ad
581 3077 685 3114 summa
704 3059 833 3124 dracones
927 3073 962 3112 aas

119 3144 259 3211 llffugiunt
278 3159 428 3210 saevaeque
446 3143 545 3210 petum
564 3136 711 3190 Tritonidis
729 3150 826 3199 arcem,

118 3220 174 3275 Sub
192 3217 363 3290 pedibusque
381 3218 450 3272 deae
468 3215 602 3287 clipeique
620 3209 671 3266 sub'
689 3209 756 3264 orbe
773 3211 909 3279 teguntur.
