2172 3506
374 153 560 202 Annslnos
577 153 646 202 LIB.
665 153 716 204 XI.
925 156 972 208 297

117 235 260 306 Oppetiit;
284 233 418 287 devictam
439 235 535 287 Asiam
555 233 679 287 subsedit
698 233 814 290 adulter.

118 311 257 365 Invidisse
278 310 351 377 deos,
372 309 469 377 patriis
487 313 520 363 ut
538 309 665 363 redditus
685 311 740 363 aris

119 387 283 454 Coniugium
296 389 420 453 optatum
434 389 463 440 et
471 386 613 453 pulchram
628 386 766 453 Calydona
777 387 917 442 videreml
937 403 974 443 ara

117 463 145 515 N
147 479 199 516 unc
217 463 300 514 etiam
318 461 441 514 horribili
460 463 520 515 visu
538 466 668 530 portenta
687 467 847 530 sequuntur,

118 539 156 592 Et
174 538 239 592 socii
258 538 351 591 amissi
368 537 510 606 petierunt
528 538 640 592 aethera
658 539 755 606 permis

118 613 346 682 Fluminibusque
362 617 497 680 vaerantur
515 614 668 668 ares-heu
687 615 747 668 dira
764 631 887 669 meorum

118 690 334 759 Supplicial-et
352 690 476 758 scopulos
494 690 642 744 lacrimosis
659 690 770 744 vocibus
788 691 899 759 inplent.

119 767 198 820 Haec
216 766 284 820 adeo
303 783 337 820 ex
355 765 401 818 illo
418 766 485 820 mihi
503 766 557 820 iam
576 767 711 836 speranda
728 768 839 821 fuerunt
940 783 974 821 aas

119 842 261 910 Tempore,
280 859 341 896 cum
359 842 433 896 ferro
451 842 580 896 caelestia
597 859 710 911 corpora
728 843 841 896 demens

120 918 235 987 Adpetii
254 922 282 972 et
300 918 418 972 Veneris
436 918 534 972 violari
553 918 662 972 volnere
680 919 815 972 dextram.

119 995 145 1048 N
147 1011 163 1047 e
182 1011 254 1061 vero,
272 1011 307 1048 ne
325 994 423 1047 moad
441 994 505 1048 talis
521 994 644 1063 inpellite
661 1011 775 1062 pugnas.

119 1071 145 1124 N
148 1087 180 1124 ec
197 1070 263 1123 milri
280 1087 343 1124 cum
361 1069 473 1124 Teucris
491 1070 576 1124 ullum
594 1074 658 1138 post
675 1074 755 1124 eruta
772 1069 873 1124 bellum

120 1147 270 1213 Pergama;
288 1163 339 1200 neo
357 1149 480 1200 veterum
498 1145 609 1200 memini
626 1146 747 1200 laetorve
764 1147 904 1201 malorum.
938 1163 975 1200 aaa

119 1222 244 1289 Munera,
263 1239 334 1290 quae
352 1221 448 1290 patriis
467 1221 503 1275 ad
521 1239 565 1276 me
582 1223 701 1291 portatis
719 1223 754 1275 ab
772 1223 835 1289 oris,

120 1298 231 1352 Vertite
248 1297 284 1350 ad
303 1301 423 1352 Aeneam
460 1298 593 1352 Stetimus
614 1297 670 1351 tela
688 1315 785 1366 aspera
802 1301 903 1362 contra,

119 1374 346 1442 Contulimusque
365 1391 474 1428 manus:
494 1378 607 1442 experto
625 1374 737 1442 credite,
756 1378 874 1441 quantus

120 1451 156 1504 In
174 1450 289 1519 clipeum
308 1449 446 1518 adsurgat,
466 1467 520 1519 quo
538 1449 649 1504 turbine
667 1452 796 1518 torqueat
813 1449 926 1504 hastam.

119 1527 149 1581 si
169 1527 223 1579 duo
241 1530 385 1595 praeterea
402 1527 465 1581 talis
485 1526 570 1580 Idaea
587 1527 698 1580 tulisset
939 1542 975 1578 aas

119 1603 204 1656 Terra
220 1603 299 1669 viros,
318 1603 391 1656 ultro
410 1602 535 1656 Inachias
553 1603 673 1656 venisset
690 1603 726 1656 ad
745 1603 826 1656 urbes

120 1679 272 1746 Dardanus,
290 1682 319 1732 et
337 1679 423 1732 versis
441 1679 549 1746 lugeret
567 1679 682 1734 Graecia
699 1681 770 1734 fatis.

121 1754 262 1823 Quidquid
280 1755 353 1822 apud
370 1755 456 1808 durae
474 1759 610 1809 cessatum
628 1759 671 1810 est
688 1757 794 1808 moenia
813 1756 916 1822 Troiae,

121 1831 250 1884 Hectoris
269 1832 435 1898 Aeneaeque
453 1847 535 1884 manu
553 1831 666 1885 victoria
684 1831 797 1884 Graium

122 1907 222 1960 Haesit
240 1910 269 1960 et
286 1908 314 1960 in
333 1907 479 1960 decumum
497 1907 614 1975 vestigia
631 1907 740 1961 rettulit
757 1922 864 1959 annum.
939 1921 975 1959 aa·

122 1982 213 2034 Ambo
231 1983 334 2050 animis,
353 1982 432 2036 ambo
450 1983 570 2051 insignes
587 1982 791 2052 praestantibus
808 1982 905 2042 arinis:

122 2059 177 2111 Hic
194 2060 298 2127 pietate
315 2059 396 2127 prior.
433 2058 538 2112 Coeant
555 2059 583 2112 in
601 2058 712 2112 foedera
730 2058 853 2122 dextrae,

122 2133 182 2197 Qua
201 2134 297 2200 datur;
316 2138 359 2188 ast
378 2135 460 2188 armis
478 2137 642 2188 concurrant
659 2149 736 2186 arma
753 2136 855 2186 cavete.

121 2209 158 2264 'ut
175 2226 305 2278 responsa
323 2210 403 2263 simul
421 2227 492 2279 quaa
510 2210 571 2274 sint,
589 2226 639 2262 rex
658 2212 777 2277 optume,
795 2211 870 2276 regis

122 2285 244 2353 Audisti,
259 2290 288 2339 et
306 2303 377 2354 quae
395 2286 431 2339 sit
449 2302 547 2353 magno
566 2285 703 2339 sententia
721 2284 799 2337 bello.
940 2301 975 2338 aar

156 2361 212 2414 Vix
231 2377 263 2414 es
280 2361 377 2428 legati:
396 2361 542 2430 variusque
559 2377 610 2429 per
628 2377 676 2414 ora
694 2361 813 2414 cucurrit

123 2437 295 2491 Ausonidum
312 2437 423 2491 turbata
440 2435 630 2502 fremoralceu
647 2454 714 2490 saxa
731 2442 872 2491 morantur

122 2513 191 2567 Cum
209 2513 321 2581 rapidos
338 2513 431 2578 amnis,
449 2514 482 2566 fit
502 2512 593 2566 clauso
611 2513 720 2580 gurgite
738 2529 867 2578 murmur,

121 2587 289 2657 Vicinaeque
307 2589 427 2644 fremunt
444 2590 520 2658 ripae
537 2586 736 2657 crepitantibus
754 2585 866 2640 audiar

122 2663 163 2718 Ut
180 2665 299 2732 primum
316 2664 416 2732 placati
434 2664 524 2732 animi,
543 2667 573 2718 et
590 2663 699 2731 trepida
717 2678 764 2714 ora
783 2663 919 2729 quierunt,
941 2684 949 2713 ;,

124 2739 267 2792 Praefatus
286 2740 362 2794 divos
381 2739 447 2793 solio
466 2755 515 2792 rex
534 2739 595 2792 infit
613 2737 648 2792 ab
666 2737 736 2792 alto:

159 2817 233 2868 Ante
251 2815 380 2884 equidem
398 2831 503 2868 summa
521 2815 556 2868 de
573 2831 604 2868 re
623 2813 760 2880 statuisse,
780 2813 878 2878 Latini,

122 2891 160 2945 Et
177 2891 282 2958 vellem,
301 2893 330 2944 et
346 2890 438 2944 fuerat
455 2891 568 2956 melius;
585 2906 640 2943 non
658 2893 782 2957 tempore
800 2888 849 2940 tali

123 2967 228 3034 Cogere
246 2966 395 3033 concilium,
412 2982 473 3019 eum
491 2982 584 3019 muros
602 2965 711 3018 adsidet
730 2964 823 3018 hostis.

123 3042 231 3096 Bellum
249 3041 432 3107 inportunum,
451 3041 530 3108 cives,
550 3044 711 3107 cumgente
730 3040 843 3093 deorum
939 3051 977 3092 aab

123 3117 293 3186 invictisque
310 3117 376 3170 viris
393 3118 521 3184 gerimus,
541 3131 609 3184 quos
626 3115 701 3168 nulla
717 3115 835 3182 fatigant

123 3192 239 3258 Proelia,
251 3208 302 3245 nee
319 3192 384 3244 victi
402 3193 517 3260 possunt
535 3189 670 3242 absistere
687 3190 768 3246 ferro.
