<?xml version="1.0" encoding="UTF-8"?>
<!DOCTYPE html PUBLIC "-//W3C//DTD XHTML 1.0 Transitional//EN"
    "http://www.w3.org/TR/xhtml1/DTD/xhtml1-transitional.dtd">
<html xmlns="http://www.w3.org/1999/xhtml" xml:lang="en" lang="en">
 <head>
  <title>
</title>
<meta http-equiv="Content-Type" content="text/html;charset=utf-8" />
  <meta name='ocr-system' content='tesseract 3.04.00' />
  <meta name='ocr-capabilities' content='ocr_page ocr_carea ocr_par ocr_line ocrx_word'/>
</head>
<body>
  <div class='ocr_page' id='page_1' title='image "./operaexrecensio03virggoog_0123.png"; bbox 0 0 2152 3506; ppageno 0'>
   <div class='ocr_carea' id='block_1_1' title="bbox 72 157 996 3281">
    <p class='ocr_par' dir='ltr' id='par_1_1' title="bbox 364 157 962 208">
     <span class='ocr_line' id='line_1_1' title="bbox 364 157 962 208; baseline 0.002 -2"><span class='ocrx_word' id='word_1_1' title='bbox 364 157 547 206; x_wconf 82' lang='lat' dir='ltr'>AENEIDOS</span> <span class='ocrx_word' id='word_1_2' title='bbox 564 159 632 206; x_wconf 91' lang='lat' dir='ltr'>LIB.</span> <span class='ocrx_word' id='word_1_3' title='bbox 652 158 690 206; x_wconf 92' lang='grc' dir='ltr'>ΙΙ.</span> <span class='ocrx_word' id='word_1_4' title='bbox 916 160 962 208; x_wconf 80' lang='grc'>109</span> 
     </span>
    </p>

    <p class='ocr_par' dir='ltr' id='par_1_2' title="bbox 99 237 996 2522">
     <span class='ocr_line' id='line_1_2' title="bbox 145 237 912 312; baseline -0.004 -15"><span class='ocrx_word' id='word_1_5' title='bbox 145 243 265 312; x_wconf 81' lang='lat' dir='ltr'><strong>Tempus</strong></span> <span class='ocrx_word' id='word_1_6' title='bbox 283 245 350 306; x_wconf 87' lang='lat' dir='ltr'>erat,</span> <span class='ocrx_word' id='word_1_7' title='bbox 369 257 423 308; x_wconf 89' lang='lat' dir='ltr'>quo</span> <span class='ocrx_word' id='word_1_8' title='bbox 440 239 529 307; x_wconf 88' lang='lat' dir='ltr'>prima</span> <span class='ocrx_word' id='word_1_9' title='bbox 546 240 625 308; x_wconf 92' lang='lat' dir='ltr'>quies</span> <span class='ocrx_word' id='word_1_10' title='bbox 642 237 804 294; x_wconf 76' lang='lat' dir='ltr'><strong>mortalibus</strong></span> <span class='ocrx_word' id='word_1_11' title='bbox 821 240 912 308; x_wconf 75' lang='lat' dir='ltr'>aegris</span> 
     </span>
     <span class='ocr_line' id='line_1_3' title="bbox 111 316 742 388; baseline -0.003 -16"><span class='ocrx_word' id='word_1_12' title='bbox 111 319 214 388; x_wconf 78' lang='lat' dir='ltr'>Incipit</span> <span class='ocrx_word' id='word_1_13' title='bbox 231 322 260 371; x_wconf 89' lang='lat' dir='ltr'>et</span> <span class='ocrx_word' id='word_1_14' title='bbox 278 317 350 369; x_wconf 92' lang='lat' dir='ltr'>done</span> <span class='ocrx_word' id='word_1_15' title='bbox 368 317 459 368; x_wconf 87' lang='lat' dir='ltr'>divom</span> <span class='ocrx_word' id='word_1_16' title='bbox 476 316 633 383; x_wconf 86' lang='lat' dir='ltr'>gratissima</span> <span class='ocrx_word' id='word_1_17' title='bbox 650 317 742 384; x_wconf 83' lang='lat' dir='ltr'>serpit</span> 
     </span>
     <span class='ocr_line' id='line_1_4' title="bbox 111 392 964 459; baseline 0.001 -11"><span class='ocrx_word' id='word_1_18' title='bbox 111 397 145 448; x_wconf 93' lang='lat' dir='ltr'>ln</span> <span class='ocrx_word' id='word_1_19' title='bbox 165 395 273 459; x_wconf 91' lang='lat' dir='ltr'>somnis,</span> <span class='ocrx_word' id='word_1_20' title='bbox 293 409 363 457; x_wconf 88' lang='lat' dir='ltr'>ecce,</span> <span class='ocrx_word' id='word_1_21' title='bbox 381 395 444 444; x_wconf 88' lang='lat' dir='ltr'>ante</span> <span class='ocrx_word' id='word_1_22' title='bbox 462 392 554 445; x_wconf 88' lang='lat' dir='ltr'>oculos</span> <span class='ocrx_word' id='word_1_23' title='bbox 571 393 767 446; x_wconf 88' lang='lat' dir='ltr'>maestissimus</span> <span class='ocrx_word' id='word_1_24' title='bbox 786 395 906 448; x_wconf 89' lang='lat' dir='ltr'>Hector·</span> <span class='ocrx_word' id='word_1_25' title='bbox 926 407 964 449; x_wconf 70' lang='lat' dir='ltr'>aro</span> 
     </span>
     <span class='ocr_line' id='line_1_5' title="bbox 100 466 828 536; baseline -0.001 -13"><span class='ocrx_word' id='word_1_26' title='bbox 100 466 197 524; x_wconf 74' lang='lat' dir='ltr'>lVisus</span> <span class='ocrx_word' id='word_1_27' title='bbox 214 469 310 524; x_wconf 88' lang='lat' dir='ltr'>adesse</span> <span class='ocrx_word' id='word_1_28' title='bbox 328 469 402 535; x_wconf 85' lang='lat' dir='ltr'>nihi,</span> <span class='ocrx_word' id='word_1_29' title='bbox 420 468 564 536; x_wconf 83' lang='lat' dir='ltr'>largosque</span> <span class='ocrx_word' id='word_1_30' title='bbox 582 468 722 522; x_wconf 85' lang='lat' dir='ltr'>effundero</span> <span class='ocrx_word' id='word_1_31' title='bbox 740 469 828 536; x_wconf 87' lang='lat' dir='ltr'>fletus,</span> 
     </span>
     <span class='ocr_line' id='line_1_6' title="bbox 100 535 824 621; baseline 0 -22"><span class='ocrx_word' id='word_1_32' title='bbox 100 535 250 621; x_wconf 57' lang='lat' dir='ltr'>fRaptatus</span> <span class='ocrx_word' id='word_1_33' title='bbox 267 545 345 612; x_wconf 81' lang='lat' dir='ltr'>bigis,</span> <span class='ocrx_word' id='word_1_34' title='bbox 362 549 394 598; x_wconf 92' lang='lat' dir='ltr'>ut</span> <span class='ocrx_word' id='word_1_35' title='bbox 413 545 558 612; x_wconf 90' lang='lat' dir='ltr'>quondam,</span> <span class='ocrx_word' id='word_1_36' title='bbox 577 549 692 613; x_wconf 88' lang='lat' dir='ltr'>aterque</span> <span class='ocrx_word' id='word_1_37' title='bbox 710 550 824 600; x_wconf 90' lang='lat' dir='ltr'>cruento</span> 
     </span>
     <span class='ocr_line' id='line_1_7' title="bbox 99 621 845 690; baseline 0.001 -16"><span class='ocrx_word' id='word_1_38' title='bbox 99 623 237 689; x_wconf 70' lang='lat' dir='ltr'>&#39;Pulvere</span> <span class='ocrx_word' id='word_1_39' title='bbox 256 638 360 690; x_wconf 88' lang='lat' dir='ltr'>perque</span> <span class='ocrx_word' id='word_1_40' title='bbox 378 621 463 690; x_wconf 89' lang='lat' dir='ltr'>pedes</span> <span class='ocrx_word' id='word_1_41' title='bbox 482 622 613 674; x_wconf 90' lang='lat' dir='ltr'>traiectus</span> <span class='ocrx_word' id='word_1_42' title='bbox 631 621 689 674; x_wconf 86' lang='lat' dir='ltr'>lora</span> <span class='ocrx_word' id='word_1_43' title='bbox 706 623 845 676; x_wconf 87' lang='lat' dir='ltr'>tumentis.</span> 
     </span>
     <span class='ocr_line' id='line_1_8' title="bbox 110 698 872 766; baseline -0.003 -14"><span class='ocrx_word' id='word_1_44' title='bbox 110 699 168 752; x_wconf 90' lang='lat' dir='ltr'>Hei</span> <span class='ocrx_word' id='word_1_45' title='bbox 186 698 259 764; x_wconf 91' lang='lat' dir='ltr'>mihi,</span> <span class='ocrx_word' id='word_1_46' title='bbox 278 698 364 766; x_wconf 90' lang='lat' dir='ltr'>qualis</span> <span class='ocrx_word' id='word_1_47' title='bbox 383 701 459 750; x_wconf 87' lang='lat' dir='ltr'>crat!</span> <span class='ocrx_word' id='word_1_48' title='bbox 480 701 613 765; x_wconf 90' lang='lat' dir='ltr'>quantum</span> <span class='ocrx_word' id='word_1_49' title='bbox 632 701 754 752; x_wconf 88' lang='lat' dir='ltr'>mutatus</span> <span class='ocrx_word' id='word_1_50' title='bbox 773 698 872 751; x_wconf 90' lang='lat' dir='ltr'>abillo</span> 
     </span>
     <span class='ocr_line' id='line_1_9' title="bbox 110 773 964 843; baseline -0.004 -14"><span class='ocrx_word' id='word_1_51' title='bbox 110 776 242 840; x_wconf 80' lang='lat' dir='ltr'><strong>Hectore,</strong></span> <span class='ocrx_word' id='word_1_52' title='bbox 261 775 309 843; x_wconf 87' lang='lat' dir='ltr'>qui</span> <span class='ocrx_word' id='word_1_53' title='bbox 327 773 399 826; x_wconf 88' lang='lat' dir='ltr'>redit</span> <span class='ocrx_word' id='word_1_54' title='bbox 417 773 528 826; x_wconf 83' lang='lat' dir='ltr'>exuvias</span> <span class='ocrx_word' id='word_1_55' title='bbox 546 773 659 826; x_wconf 91' lang='lat' dir='ltr'>indutus</span> <span class='ocrx_word' id='word_1_56' title='bbox 678 773 785 830; x_wconf 84' lang='lat' dir='ltr'>Achilli.</span> <span class='ocrx_word' id='word_1_57' title='bbox 928 790 964 828; x_wconf 78' lang='lat'>275</span> 
     </span>
     <span class='ocr_line' id='line_1_10' title="bbox 110 848 866 918; baseline -0.003 -14"><span class='ocrx_word' id='word_1_58' title='bbox 110 851 165 904; x_wconf 86' lang='lat' dir='ltr'>Vel</span> <span class='ocrx_word' id='word_1_59' title='bbox 185 850 309 904; x_wconf 88' lang='lat' dir='ltr'>Danaum</span> <span class='ocrx_word' id='word_1_60' title='bbox 330 848 460 918; x_wconf 82' lang='lat' dir='ltr'>Phrygios</span> <span class='ocrx_word' id='word_1_61' title='bbox 477 849 612 902; x_wconf 88' lang='lat' dir='ltr'>iaculatus</span> <span class='ocrx_word' id='word_1_62' title='bbox 629 849 765 918; x_wconf 84' lang='lat' dir='ltr'>puppibus</span> <span class='ocrx_word' id='word_1_63' title='bbox 783 852 866 917; x_wconf 82' lang='lat' dir='ltr'>ignis!</span> 
     </span>
     <span class='ocr_line' id='line_1_11' title="bbox 111 925 875 995; baseline -0.004 -14"><span class='ocrx_word' id='word_1_64' title='bbox 111 927 291 995; x_wconf 82' lang='lat' dir='ltr'>Squalentcm</span> <span class='ocrx_word' id='word_1_65' title='bbox 309 925 422 979; x_wconf 81' lang='lat' dir='ltr'>barbam</span> <span class='ocrx_word' id='word_1_66' title='bbox 441 929 469 978; x_wconf 92' lang='lat' dir='ltr'>et</span> <span class='ocrx_word' id='word_1_67' title='bbox 487 929 627 979; x_wconf 87' lang='lat' dir='ltr'>concretos</span> <span class='ocrx_word' id='word_1_68' title='bbox 645 925 776 993; x_wconf 82' lang='lat' dir='ltr'>sanguine</span> <span class='ocrx_word' id='word_1_69' title='bbox 794 927 875 979; x_wconf 89' lang='lat' dir='ltr'>crinis</span> 
     </span>
     <span class='ocr_line' id='line_1_12' title="bbox 110 1002 925 1072; baseline 0.001 -17"><span class='ocrx_word' id='word_1_70' title='bbox 110 1003 287 1072; x_wconf 73' lang='lat' dir='ltr'>volneraque</span> <span class='ocrx_word' id='word_1_71' title='bbox 304 1003 352 1056; x_wconf 92' lang='lat' dir='ltr'>illa</span> <span class='ocrx_word' id='word_1_72' title='bbox 368 1019 472 1070; x_wconf 78' lang='lat' dir='ltr'>gerens,</span> <span class='ocrx_word' id='word_1_73' title='bbox 492 1018 563 1070; x_wconf 88' lang='lat' dir='ltr'>quae</span> <span class='ocrx_word' id='word_1_74' title='bbox 581 1002 681 1056; x_wconf 88' lang='lat' dir='ltr'>circum</span> <span class='ocrx_word' id='word_1_75' title='bbox 698 1003 815 1072; x_wconf 89' lang='lat' dir='ltr'>plurima</span> <span class='ocrx_word' id='word_1_76' title='bbox 833 1019 925 1056; x_wconf 86' lang='lat' dir='ltr'>muros</span> 
     </span>
     <span class='ocr_line' id='line_1_13' title="bbox 110 1078 766 1148; baseline -0.002 -15"><span class='ocrx_word' id='word_1_77' title='bbox 110 1080 230 1148; x_wconf 83' lang='lat' dir='ltr'>Accepit</span> <span class='ocrx_word' id='word_1_78' title='bbox 246 1079 356 1148; x_wconf 88' lang='lat' dir='ltr'>patrios.</span> <span class='ocrx_word' id='word_1_79' title='bbox 393 1078 474 1132; x_wconf 90' lang='lat' dir='ltr'>Ultro</span> <span class='ocrx_word' id='word_1_80' title='bbox 492 1078 560 1131; x_wconf 83' lang='lat' dir='ltr'>lieris</span> <span class='ocrx_word' id='word_1_81' title='bbox 577 1079 636 1147; x_wconf 92' lang='lat' dir='ltr'>ipse</span> <span class='ocrx_word' id='word_1_82' title='bbox 653 1078 766 1132; x_wconf 81' lang='lat' dir='ltr'>videbar</span> 
     </span>
     <span class='ocr_line' id='line_1_14' title="bbox 110 1156 964 1224; baseline 0 -14"><span class='ocrx_word' id='word_1_83' title='bbox 110 1157 283 1224; x_wconf 80' lang='lat' dir='ltr'>Compellare</span> <span class='ocrx_word' id='word_1_84' title='bbox 301 1156 391 1208; x_wconf 88' lang='lat' dir='ltr'>virum</span> <span class='ocrx_word' id='word_1_85' title='bbox 410 1158 439 1208; x_wconf 91' lang='lat' dir='ltr'>et</span> <span class='ocrx_word' id='word_1_86' title='bbox 456 1158 574 1208; x_wconf 87' lang='lat' dir='ltr'>maestas</span> <span class='ocrx_word' id='word_1_87' title='bbox 592 1172 753 1224; x_wconf 87' lang='lat' dir='ltr'>expromere</span> <span class='ocrx_word' id='word_1_88' title='bbox 770 1173 862 1210; x_wconf 83' lang='lat' dir='ltr'>voces:</span> <span class='ocrx_word' id='word_1_89' title='bbox 927 1171 964 1210; x_wconf 84' lang='lat' dir='ltr'>aso</span> 
     </span>
     <span class='ocr_line' id='line_1_15' title="bbox 110 1231 808 1300; baseline 0 -16"><span class='ocrx_word' id='word_1_90' title='bbox 110 1232 136 1284; x_wconf 93' lang='lat'>0</span> <span class='ocrx_word' id='word_1_91' title='bbox 156 1233 203 1284; x_wconf 78' lang='lat' dir='ltr'>lux</span> <span class='ocrx_word' id='word_1_92' title='bbox 222 1232 383 1300; x_wconf 80' lang='lat' dir='ltr'>Dardaniae,</span> <span class='ocrx_word' id='word_1_93' title='bbox 402 1248 464 1300; x_wconf 90' lang='lat' dir='ltr'>spes</span> <span class='ocrx_word' id='word_1_94' title='bbox 482 1248 498 1284; x_wconf 93' lang='lat' dir='ltr'>e</span> <span class='ocrx_word' id='word_1_95' title='bbox 516 1231 649 1286; x_wconf 88' lang='lat' dir='ltr'>fidissima</span> <span class='ocrx_word' id='word_1_96' title='bbox 667 1231 808 1300; x_wconf 76' lang='lat' dir='ltr'>Teucrum,</span> 
     </span>
     <span class='ocr_line' id='line_1_16' title="bbox 111 1308 929 1376; baseline 0.001 -14"><span class='ocrx_word' id='word_1_97' title='bbox 111 1308 190 1372; x_wconf 83' lang='lat' dir='ltr'>Quae</span> <span class='ocrx_word' id='word_1_98' title='bbox 207 1312 300 1362; x_wconf 79' lang='lat' dir='ltr'>tantae</span> <span class='ocrx_word' id='word_1_99' title='bbox 318 1313 432 1362; x_wconf 86' lang='lat' dir='ltr'>tenuere</span> <span class='ocrx_word' id='word_1_100' title='bbox 449 1309 562 1362; x_wconf 82' lang='lat' dir='ltr'>meruel</span> <span class='ocrx_word' id='word_1_101' title='bbox 581 1308 680 1376; x_wconf 91' lang='lat' dir='ltr'>quibus</span> <span class='ocrx_word' id='word_1_102' title='bbox 699 1309 805 1362; x_wconf 87' lang='lat' dir='ltr'>Hector</span> <span class='ocrx_word' id='word_1_103' title='bbox 822 1309 857 1361; x_wconf 92' lang='lat' dir='ltr'>ab</span> <span class='ocrx_word' id='word_1_104' title='bbox 873 1310 929 1363; x_wconf 87' lang='lat' dir='ltr'>oris</span> 
     </span>
     <span class='ocr_line' id='line_1_17' title="bbox 111 1386 796 1453; baseline -0.003 -15"><span class='ocrx_word' id='word_1_105' title='bbox 111 1386 278 1452; x_wconf 81' lang='lat' dir='ltr'>Exspectate</span> <span class='ocrx_word' id='word_1_106' title='bbox 296 1386 388 1439; x_wconf 77' lang='lat' dir='ltr'>renisi</span> <span class='ocrx_word' id='word_1_107' title='bbox 407 1389 439 1438; x_wconf 89' lang='lat' dir='ltr'>ut</span> <span class='ocrx_word' id='word_1_108' title='bbox 456 1389 485 1438; x_wconf 91' lang='lat' dir='ltr'>te</span> <span class='ocrx_word' id='word_1_109' title='bbox 503 1388 566 1453; x_wconf 89' lang='lat' dir='ltr'>post</span> <span class='ocrx_word' id='word_1_110' title='bbox 584 1386 670 1437; x_wconf 89' lang='lat' dir='ltr'>multa</span> <span class='ocrx_word' id='word_1_111' title='bbox 688 1387 796 1437; x_wconf 86' lang='lat' dir='ltr'>tuorum</span> 
     </span>
     <span class='ocr_line' id='line_1_18' title="bbox 111 1459 996 1529; baseline 0 -15"><span class='ocrx_word' id='word_1_112' title='bbox 111 1462 229 1525; x_wconf 80' lang='lat' dir='ltr'>Funera,</span> <span class='ocrx_word' id='word_1_113' title='bbox 245 1464 308 1529; x_wconf 88' lang='lat' dir='ltr'>post</span> <span class='ocrx_word' id='word_1_114' title='bbox 325 1462 414 1514; x_wconf 85' lang='lat' dir='ltr'>varios</span> <span class='ocrx_word' id='word_1_115' title='bbox 431 1461 625 1527; x_wconf 88' lang='lat' dir='ltr'>hominumque</span> <span class='ocrx_word' id='word_1_116' title='bbox 644 1459 774 1528; x_wconf 89' lang='lat' dir='ltr'>urbisque</span> <span class='ocrx_word' id='word_1_117' title='bbox 792 1460 899 1514; x_wconf 88' lang='lat' dir='ltr'>labores</span> <span class='ocrx_word' id='word_1_118' title='bbox 989 1471 996 1482; x_wconf 86' lang='lat'>&#39;</span> 
     </span>
     <span class='ocr_line' id='line_1_19' title="bbox 112 1537 965 1606; baseline 0.001 -15"><span class='ocrx_word' id='word_1_119' title='bbox 112 1538 220 1592; x_wconf 85' lang='lat' dir='ltr'>Defessi</span> <span class='ocrx_word' id='word_1_120' title='bbox 237 1537 396 1606; x_wconf 80' lang='lat' dir='ltr'>aspicimus!</span> <span class='ocrx_word' id='word_1_121' title='bbox 416 1554 488 1606; x_wconf 86' lang='lat' dir='ltr'>quae</span> <span class='ocrx_word' id='word_1_122' title='bbox 505 1553 601 1591; x_wconf 84' lang='lat' dir='ltr'>caussa</span> <span class='ocrx_word' id='word_1_123' title='bbox 617 1537 731 1604; x_wconf 86' lang='lat' dir='ltr'>indigna</span> <span class='ocrx_word' id='word_1_124' title='bbox 748 1554 857 1592; x_wconf 88' lang='lat' dir='ltr'>serenos</span> <span class='ocrx_word' id='word_1_125' title='bbox 927 1552 965 1592; x_wconf 79' lang='lat' dir='ltr'>ast</span> 
     </span>
     <span class='ocr_line' id='line_1_20' title="bbox 112 1613 829 1668; baseline 0.001 -1"><span class='ocrx_word' id='word_1_126' title='bbox 112 1614 246 1667; x_wconf 84' lang='lat' dir='ltr'>Foedavit</span> <span class='ocrx_word' id='word_1_127' title='bbox 264 1613 369 1668; x_wconf 87' lang='lat' dir='ltr'>voltusl</span> <span class='ocrx_word' id='word_1_128' title='bbox 387 1617 436 1667; x_wconf 89' lang='lat' dir='ltr'>aut</span> <span class='ocrx_word' id='word_1_129' title='bbox 453 1629 502 1667; x_wconf 90' lang='lat' dir='ltr'>cur</span> <span class='ocrx_word' id='word_1_130' title='bbox 519 1613 585 1666; x_wconf 90' lang='lat' dir='ltr'>haec</span> <span class='ocrx_word' id='word_1_131' title='bbox 604 1614 713 1667; x_wconf 86' lang='lat' dir='ltr'>volnera</span> <span class='ocrx_word' id='word_1_132' title='bbox 731 1617 829 1668; x_wconf 76' lang='lat' dir='ltr'>cernel</span> 
     </span>
     <span class='ocr_line' id='line_1_21' title="bbox 113 1689 815 1760; baseline 0 -16"><span class='ocrx_word' id='word_1_133' title='bbox 113 1691 165 1744; x_wconf 88' lang='lat' dir='ltr'>Ille</span> <span class='ocrx_word' id='word_1_134' title='bbox 183 1689 257 1758; x_wconf 88' lang='lat' dir='ltr'>nihil,</span> <span class='ocrx_word' id='word_1_135' title='bbox 274 1707 323 1743; x_wconf 92' lang='lat' dir='ltr'>nec</span> <span class='ocrx_word' id='word_1_136' title='bbox 341 1707 385 1744; x_wconf 91' lang='lat' dir='ltr'>me</span> <span class='ocrx_word' id='word_1_137' title='bbox 404 1693 581 1758; x_wconf 79' lang='lat' dir='ltr'>quaerentem</span> <span class='ocrx_word' id='word_1_138' title='bbox 600 1706 668 1744; x_wconf 83' lang='lat' dir='ltr'>rana</span> <span class='ocrx_word' id='word_1_139' title='bbox 686 1694 815 1760; x_wconf 90' lang='lat' dir='ltr'>moratur,</span> 
     </span>
     <span class='ocr_line' id='line_1_22' title="bbox 111 1765 826 1835; baseline 0 -15"><span class='ocrx_word' id='word_1_140' title='bbox 111 1767 168 1820; x_wconf 83' lang='lat' dir='ltr'>Sed</span> <span class='ocrx_word' id='word_1_141' title='bbox 185 1765 307 1834; x_wconf 83' lang='lat' dir='ltr'>graviter</span> <span class='ocrx_word' id='word_1_142' title='bbox 323 1767 444 1834; x_wconf 78' lang='lat' dir='ltr'>gemitus</span> <span class='ocrx_word' id='word_1_143' title='bbox 462 1767 516 1820; x_wconf 91' lang='lat' dir='ltr'>ime</span> <span class='ocrx_word' id='word_1_144' title='bbox 534 1765 699 1835; x_wconf 90' lang='lat' dir='ltr'>depectere</span> <span class='ocrx_word' id='word_1_145' title='bbox 717 1767 826 1835; x_wconf 89' lang='lat' dir='ltr'>ducens,</span> 
     </span>
     <span class='ocr_line' id='line_1_23' title="bbox 112 1842 892 1912; baseline 0.005 -17"><span class='ocrx_word' id='word_1_146' title='bbox 112 1843 178 1896; x_wconf 85' lang='lat' dir='ltr'>Heu</span> <span class='ocrx_word' id='word_1_147' title='bbox 196 1843 267 1911; x_wconf 73' lang='lat' dir='ltr'>fuge,</span> <span class='ocrx_word' id='word_1_148' title='bbox 285 1846 350 1896; x_wconf 87' lang='lat' dir='ltr'>nate</span> <span class='ocrx_word' id='word_1_149' title='bbox 369 1842 427 1908; x_wconf 89' lang='lat' dir='ltr'>dea,</span> <span class='ocrx_word' id='word_1_150' title='bbox 445 1845 529 1910; x_wconf 90' lang='lat' dir='ltr'>teque</span> <span class='ocrx_word' id='word_1_151' title='bbox 546 1843 596 1909; x_wconf 88' lang='lat' dir='ltr'>bis,</span> <span class='ocrx_word' id='word_1_152' title='bbox 615 1842 660 1909; x_wconf 88' lang='lat' dir='ltr'>ait,</span> <span class='ocrx_word' id='word_1_153' title='bbox 678 1844 753 1912; x_wconf 89' lang='lat' dir='ltr'>eripe</span> <span class='ocrx_word' id='word_1_154' title='bbox 770 1845 892 1900; x_wconf 87' lang='lat' dir='ltr'>flammis.</span> 
     </span>
     <span class='ocr_line' id='line_1_24' title="bbox 111 1918 965 1984; baseline 0.002 -12"><span class='ocrx_word' id='word_1_155' title='bbox 111 1919 210 1974; x_wconf 88' lang='lat' dir='ltr'>Hostis</span> <span class='ocrx_word' id='word_1_156' title='bbox 228 1919 312 1972; x_wconf 88' lang='lat' dir='ltr'>habet</span> <span class='ocrx_word' id='word_1_157' title='bbox 330 1936 435 1984; x_wconf 89' lang='lat' dir='ltr'>muros;</span> <span class='ocrx_word' id='word_1_158' title='bbox 454 1918 510 1971; x_wconf 90' lang='lat' dir='ltr'>ruit</span> <span class='ocrx_word' id='word_1_159' title='bbox 528 1918 584 1972; x_wconf 85' lang='lat' dir='ltr'>alto</span> <span class='ocrx_word' id='word_1_160' title='bbox 603 1935 619 1972; x_wconf 90' lang='lat' dir='ltr'>a</span> <span class='ocrx_word' id='word_1_161' title='bbox 636 1919 752 1973; x_wconf 91' lang='lat' dir='ltr'>culmine</span> <span class='ocrx_word' id='word_1_162' title='bbox 771 1921 857 1976; x_wconf 83' lang='lat' dir='ltr'>Troia.</span> <span class='ocrx_word' id='word_1_163' title='bbox 928 1934 965 1974; x_wconf 81' lang='lat' dir='ltr'>aso</span> 
     </span>
     <span class='ocr_line' id='line_1_25' title="bbox 110 1993 906 2064; baseline 0.001 -15"><span class='ocrx_word' id='word_1_164' title='bbox 110 1997 161 2050; x_wconf 80' lang='lat' dir='ltr'>Sat</span> <span class='ocrx_word' id='word_1_165' title='bbox 179 1996 284 2064; x_wconf 80' lang='lat' dir='ltr'>patriae</span> <span class='ocrx_word' id='word_1_166' title='bbox 304 1995 467 2063; x_wconf 87' lang='lat' dir='ltr'>Priamoque</span> <span class='ocrx_word' id='word_1_167' title='bbox 486 1993 595 2049; x_wconf 75' lang='lat' dir='ltr'>dutum:</span> <span class='ocrx_word' id='word_1_168' title='bbox 615 1995 638 2048; x_wconf 85' lang='lat' dir='ltr'>si</span> <span class='ocrx_word' id='word_1_169' title='bbox 657 1993 790 2060; x_wconf 81' lang='lat' dir='ltr'>Pergama</span> <span class='ocrx_word' id='word_1_170' title='bbox 807 1995 906 2050; x_wconf 87' lang='lat' dir='ltr'>dextra</span> 
     </span>
     <span class='ocr_line' id='line_1_26' title="bbox 111 2069 814 2140; baseline -0.003 -16"><span class='ocrx_word' id='word_1_171' title='bbox 111 2071 230 2124; x_wconf 85' lang='lat' dir='ltr'>Defendi</span> <span class='ocrx_word' id='word_1_172' title='bbox 248 2074 368 2140; x_wconf 87' lang='lat' dir='ltr'>possent,</span> <span class='ocrx_word' id='word_1_173' title='bbox 387 2071 470 2124; x_wconf 88' lang='lat' dir='ltr'>etiam</span> <span class='ocrx_word' id='word_1_174' title='bbox 489 2069 540 2124; x_wconf 84' lang='lat' dir='ltr'>hac</span> <span class='ocrx_word' id='word_1_175' title='bbox 558 2071 670 2123; x_wconf 85' lang='lat' dir='ltr'>defensa</span> <span class='ocrx_word' id='word_1_176' title='bbox 686 2070 814 2124; x_wconf 81' lang='lat' dir='ltr'>luissent:</span> 
     </span>
     <span class='ocr_line' id='line_1_27' title="bbox 111 2146 830 2216; baseline 0 -15"><span class='ocrx_word' id='word_1_177' title='bbox 111 2149 196 2202; x_wconf 83' lang='lat' dir='ltr'>Sacra</span> <span class='ocrx_word' id='word_1_178' title='bbox 214 2165 330 2216; x_wconf 86' lang='lat' dir='ltr'>suesque</span> <span class='ocrx_word' id='word_1_179' title='bbox 349 2147 401 2201; x_wconf 90' lang='lat' dir='ltr'>tibi</span> <span class='ocrx_word' id='word_1_180' title='bbox 419 2147 591 2200; x_wconf 83' lang='lat' dir='ltr'>commendat</span> <span class='ocrx_word' id='word_1_181' title='bbox 609 2147 688 2200; x_wconf 79' lang='lat' dir='ltr'>Troia</span> <span class='ocrx_word' id='word_1_182' title='bbox 707 2146 830 2201; x_wconf 86' lang='lat' dir='ltr'>l&#39;enatis:</span> 
     </span>
     <span class='ocr_line' id='line_1_28' title="bbox 113 2223 832 2292; baseline 0 -15"><span class='ocrx_word' id='word_1_183' title='bbox 113 2224 174 2277; x_wconf 83' lang='lat' dir='ltr'>llos</span> <span class='ocrx_word' id='word_1_184' title='bbox 192 2239 258 2292; x_wconf 87' lang='lat' dir='ltr'>cape</span> <span class='ocrx_word' id='word_1_185' title='bbox 275 2225 393 2278; x_wconf 86' lang='lat' dir='ltr'>fatorum</span> <span class='ocrx_word' id='word_1_186' title='bbox 411 2224 531 2290; x_wconf 90' lang='lat' dir='ltr'>comites,</span> <span class='ocrx_word' id='word_1_187' title='bbox 550 2224 592 2276; x_wconf 85' lang='lat' dir='ltr'>his</span> <span class='ocrx_word' id='word_1_188' title='bbox 610 2223 715 2278; x_wconf 88' lang='lat' dir='ltr'>moenia</span> <span class='ocrx_word' id='word_1_189' title='bbox 733 2239 832 2292; x_wconf 86' lang='lat' dir='ltr'>quaere</span> 
     </span>
     <span class='ocr_line' id='line_1_29' title="bbox 113 2300 965 2368; baseline 0.006 -16"><span class='ocrx_word' id='word_1_190' title='bbox 113 2300 222 2367; x_wconf 84' lang='lat' dir='ltr'>Magna,</span> <span class='ocrx_word' id='word_1_191' title='bbox 241 2304 382 2368; x_wconf 87' lang='lat' dir='ltr'>pererrato</span> <span class='ocrx_word' id='word_1_192' title='bbox 401 2304 506 2354; x_wconf 86' lang='lat' dir='ltr'>statues</span> <span class='ocrx_word' id='word_1_193' title='bbox 526 2317 595 2368; x_wconf 91' lang='lat' dir='ltr'>quae</span> <span class='ocrx_word' id='word_1_194' title='bbox 614 2300 734 2368; x_wconf 90' lang='lat' dir='ltr'>denique</span> <span class='ocrx_word' id='word_1_195' title='bbox 752 2305 840 2368; x_wconf 90' lang='lat' dir='ltr'>ponto.</span> <span class='ocrx_word' id='word_1_196' title='bbox 929 2317 965 2357; x_wconf 80' lang='lat' dir='ltr'>aaa</span> 
     </span>
     <span class='ocr_line' id='line_1_30' title="bbox 112 2375 860 2445; baseline 0.003 -16"><span class='ocrx_word' id='word_1_197' title='bbox 112 2376 158 2430; x_wconf 79' lang='lat' dir='ltr'>Sic</span> <span class='ocrx_word' id='word_1_198' title='bbox 176 2375 222 2442; x_wconf 89' lang='lat' dir='ltr'>ait,</span> <span class='ocrx_word' id='word_1_199' title='bbox 242 2378 270 2429; x_wconf 93' lang='lat' dir='ltr'>et</span> <span class='ocrx_word' id='word_1_200' title='bbox 288 2375 412 2430; x_wconf 89' lang='lat' dir='ltr'>manibus</span> <span class='ocrx_word' id='word_1_201' title='bbox 430 2376 513 2430; x_wconf 77' lang='lat' dir='ltr'>uittas</span> <span class='ocrx_word' id='word_1_202' title='bbox 532 2375 702 2444; x_wconf 80' lang='lat' dir='ltr'>Vestamque</span> <span class='ocrx_word' id='word_1_203' title='bbox 719 2380 860 2445; x_wconf 86' lang='lat' dir='ltr'>petentem</span> 
     </span>
     <span class='ocr_line' id='line_1_31' title="bbox 113 2452 847 2522; baseline 0.001 -16"><span class='ocrx_word' id='word_1_204' title='bbox 113 2453 324 2522; x_wconf 84' lang='lat' dir='ltr'>Aeternumque</span> <span class='ocrx_word' id='word_1_205' title='bbox 342 2453 431 2521; x_wconf 83' lang='lat' dir='ltr'>adytis</span> <span class='ocrx_word' id='word_1_206' title='bbox 450 2452 528 2506; x_wconf 85' lang='lat' dir='ltr'>cllert</span> <span class='ocrx_word' id='word_1_207' title='bbox 546 2453 732 2521; x_wconf 85' lang='lat' dir='ltr'>penetralibus</span> <span class='ocrx_word' id='word_1_208' title='bbox 751 2454 847 2521; x_wconf 77' lang='lat' dir='ltr'>ignem,</span> 
     </span>
    </p>

    <p class='ocr_par' dir='ltr' id='par_1_3' title="bbox 113 2528 965 2976">
     <span class='ocr_line' id='line_1_32' title="bbox 149 2528 779 2595; baseline 0.002 -15"><span class='ocrx_word' id='word_1_209' title='bbox 149 2528 265 2582; x_wconf 79' lang='lat' dir='ltr'>Diversa</span> <span class='ocrx_word' id='word_1_210' title='bbox 283 2531 388 2582; x_wconf 90' lang='lat' dir='ltr'>interea</span> <span class='ocrx_word' id='word_1_211' title='bbox 406 2529 554 2582; x_wconf 89' lang='lat' dir='ltr'>miscentur</span> <span class='ocrx_word' id='word_1_212' title='bbox 572 2529 680 2582; x_wconf 86' lang='lat' dir='ltr'>moenia</span> <span class='ocrx_word' id='word_1_213' title='bbox 698 2529 779 2595; x_wconf 88' lang='lat' dir='ltr'>luctu,</span> 
     </span>
     <span class='ocr_line' id='line_1_33' title="bbox 113 2605 912 2673; baseline 0.003 -15"><span class='ocrx_word' id='word_1_214' title='bbox 113 2605 151 2658; x_wconf 79' lang='lat' dir='ltr'>ut</span> <span class='ocrx_word' id='word_1_215' title='bbox 168 2605 256 2672; x_wconf 79' lang='lat' dir='ltr'>magis</span> <span class='ocrx_word' id='word_1_216' title='bbox 273 2609 357 2672; x_wconf 91' lang='lat' dir='ltr'>atque</span> <span class='ocrx_word' id='word_1_217' title='bbox 374 2605 467 2671; x_wconf 82' lang='lat' dir='ltr'>magis,</span> <span class='ocrx_word' id='word_1_218' title='bbox 486 2621 651 2673; x_wconf 88' lang='lat' dir='ltr'>quamquam</span> <span class='ocrx_word' id='word_1_219' title='bbox 670 2609 775 2658; x_wconf 84' lang='lat' dir='ltr'>secreta</span> <span class='ocrx_word' id='word_1_220' title='bbox 792 2608 912 2673; x_wconf 87' lang='lat' dir='ltr'>parentis</span> 
     </span>
     <span class='ocr_line' id='line_1_34' title="bbox 113 2679 965 2748; baseline 0.001 -14"><span class='ocrx_word' id='word_1_221' title='bbox 113 2681 250 2734; x_wconf 83' lang='lat' dir='ltr'>Anchisae</span> <span class='ocrx_word' id='word_1_222' title='bbox 269 2680 365 2734; x_wconf 90' lang='lat' dir='ltr'>domus</span> <span class='ocrx_word' id='word_1_223' title='bbox 383 2680 580 2748; x_wconf 88' lang='lat' dir='ltr'>arboribusque</span> <span class='ocrx_word' id='word_1_224' title='bbox 598 2679 708 2734; x_wconf 90' lang='lat' dir='ltr'>obtectu</span> <span class='ocrx_word' id='word_1_225' title='bbox 726 2684 843 2748; x_wconf 89' lang='lat' dir='ltr'>recessit,</span> <span class='ocrx_word' id='word_1_226' title='bbox 930 2695 965 2735; x_wconf 86' lang='lat' dir='ltr'>soe</span> 
     </span>
     <span class='ocr_line' id='line_1_35' title="bbox 114 2756 857 2826; baseline 0.001 -17"><span class='ocrx_word' id='word_1_227' title='bbox 114 2756 276 2810; x_wconf 82' lang='lat' dir='ltr'>Olareseunt</span> <span class='ocrx_word' id='word_1_228' title='bbox 294 2757 406 2822; x_wconf 87' lang='lat' dir='ltr'>sonitus,</span> <span class='ocrx_word' id='word_1_229' title='bbox 425 2773 617 2825; x_wconf 88' lang='lat' dir='ltr'>armorumque</span> <span class='ocrx_word' id='word_1_230' title='bbox 635 2757 738 2826; x_wconf 78' lang='lat' dir='ltr'>ingruit</span> <span class='ocrx_word' id='word_1_231' title='bbox 755 2757 857 2811; x_wconf 88' lang='lat' dir='ltr'>horror.</span> 
     </span>
     <span class='ocr_line' id='line_1_36' title="bbox 114 2832 737 2902; baseline 0.003 -18"><span class='ocrx_word' id='word_1_232' title='bbox 114 2832 247 2886; x_wconf 81' lang='lat' dir='ltr'>Excutior</span> <span class='ocrx_word' id='word_1_233' title='bbox 264 2850 361 2896; x_wconf 87' lang='lat' dir='ltr'>somno,</span> <span class='ocrx_word' id='word_1_234' title='bbox 381 2837 410 2886; x_wconf 91' lang='lat' dir='ltr'>et</span> <span class='ocrx_word' id='word_1_235' title='bbox 428 2833 525 2885; x_wconf 90' lang='lat' dir='ltr'>summi</span> <span class='ocrx_word' id='word_1_236' title='bbox 542 2833 651 2902; x_wconf 81' lang='lat' dir='ltr'>fastigia</span> <span class='ocrx_word' id='word_1_237' title='bbox 669 2835 737 2888; x_wconf 89' lang='lat' dir='ltr'>tecti</span> 
     </span>
     <span class='ocr_line' id='line_1_37' title="bbox 115 2909 835 2976; baseline 0.003 -14"><span class='ocrx_word' id='word_1_238' title='bbox 115 2909 240 2962; x_wconf 87' lang='lat' dir='ltr'>Ascensu</span> <span class='ocrx_word' id='word_1_239' title='bbox 258 2924 363 2976; x_wconf 89' lang='lat' dir='ltr'>supero,</span> <span class='ocrx_word' id='word_1_240' title='bbox 381 2913 464 2975; x_wconf 88' lang='lat' dir='ltr'>atque</span> <span class='ocrx_word' id='word_1_241' title='bbox 483 2909 597 2962; x_wconf 89' lang='lat' dir='ltr'>arrectis</span> <span class='ocrx_word' id='word_1_242' title='bbox 615 2910 725 2964; x_wconf 88' lang='lat' dir='ltr'>auribus</span> <span class='ocrx_word' id='word_1_243' title='bbox 742 2912 835 2964; x_wconf 85' lang='lat' dir='ltr'>adsto:</span> 
     </span>
    </p>

    <p class='ocr_par' dir='ltr' id='par_1_4' title="bbox 72 2961 965 3281">
     <span class='ocr_line' id='line_1_38' title="bbox 72 2961 886 3052; baseline -0.002 -12"><span class='ocrx_word' id='word_1_244' title='bbox 72 2961 149 3040; x_wconf 52' lang='lat' dir='ltr'>Ain</span> <span class='ocrx_word' id='word_1_245' title='bbox 169 2988 290 3052; x_wconf 85' lang='lat' dir='ltr'>segetem</span> <span class='ocrx_word' id='word_1_246' title='bbox 308 2983 393 3037; x_wconf 84' lang='lat' dir='ltr'>veluti</span> <span class='ocrx_word' id='word_1_247' title='bbox 411 3001 472 3037; x_wconf 90' lang='lat' dir='ltr'>cum</span> <span class='ocrx_word' id='word_1_248' title='bbox 490 2985 598 3038; x_wconf 89' lang='lat' dir='ltr'>flamma</span> <span class='ocrx_word' id='word_1_249' title='bbox 615 2986 768 3039; x_wconf 82' lang='lat' dir='ltr'>furentibus</span> <span class='ocrx_word' id='word_1_250' title='bbox 786 2985 886 3039; x_wconf 86' lang='lat' dir='ltr'>austris</span> 
     </span>
     <span class='ocr_line' id='line_1_39' title="bbox 116 3058 965 3127; baseline 0.002 -15"><span class='ocrx_word' id='word_1_251' title='bbox 116 3059 226 3126; x_wconf 90' lang='lat' dir='ltr'>Incidit,</span> <span class='ocrx_word' id='word_1_252' title='bbox 245 3064 296 3118; x_wconf 83' lang='lat' dir='ltr'>aut¹</span> <span class='ocrx_word' id='word_1_253' title='bbox 310 3058 422 3127; x_wconf 89' lang='lat' dir='ltr'>rapidus</span> <span class='ocrx_word' id='word_1_254' title='bbox 440 3065 568 3113; x_wconf 88' lang='lat' dir='ltr'>montano</span> <span class='ocrx_word' id='word_1_255' title='bbox 586 3061 696 3114; x_wconf 89' lang='lat' dir='ltr'>flumine</span> <span class='ocrx_word' id='word_1_256' title='bbox 714 3065 821 3114; x_wconf 90' lang='lat' dir='ltr'>torrens</span> <span class='ocrx_word' id='word_1_257' title='bbox 928 3075 965 3114; x_wconf 79' lang='lat' dir='ltr'>aas</span> 
     </span>
     <span class='ocr_line' id='line_1_40' title="bbox 115 3135 896 3203; baseline 0.003 -15"><span class='ocrx_word' id='word_1_258' title='bbox 115 3136 220 3189; x_wconf 83' lang='lat' dir='ltr'>Sternit</span> <span class='ocrx_word' id='word_1_259' title='bbox 237 3150 325 3202; x_wconf 85' lang='lat' dir='ltr'>agros,</span> <span class='ocrx_word' id='word_1_260' title='bbox 344 3135 443 3187; x_wconf 89' lang='lat' dir='ltr'>sternit</span> <span class='ocrx_word' id='word_1_261' title='bbox 460 3139 520 3188; x_wconf 87' lang='lat' dir='ltr'>sata</span> <span class='ocrx_word' id='word_1_262' title='bbox 537 3136 610 3188; x_wconf 89' lang='lat' dir='ltr'>laeta</span> <span class='ocrx_word' id='word_1_263' title='bbox 628 3137 765 3201; x_wconf 90' lang='lat' dir='ltr'>boumque</span> <span class='ocrx_word' id='word_1_264' title='bbox 783 3136 896 3203; x_wconf 89' lang='lat' dir='ltr'>labores,</span> 
     </span>
     <span class='ocr_line' id='line_1_41' title="bbox 116 3209 845 3281; baseline -0.003 -15"><span class='ocrx_word' id='word_1_265' title='bbox 116 3211 331 3281; x_wconf 89' lang='lat' dir='ltr'>Praecipitisque</span> <span class='ocrx_word' id='word_1_266' title='bbox 349 3210 436 3264; x_wconf 86' lang='lat' dir='ltr'>trahit</span> <span class='ocrx_word' id='word_1_267' title='bbox 454 3211 541 3278; x_wconf 89' lang='lat' dir='ltr'>silvas,</span> <span class='ocrx_word' id='word_1_268' title='bbox 560 3211 654 3278; x_wconf 91' lang='lat' dir='ltr'>stupet</span> <span class='ocrx_word' id='word_1_269' title='bbox 671 3209 771 3263; x_wconf 88' lang='lat' dir='ltr'>inscius</span> <span class='ocrx_word' id='word_1_270' title='bbox 789 3211 845 3264; x_wconf 89' lang='lat' dir='ltr'>alte</span> 
     </span>
    </p>
   </div>
   <div class='ocr_carea' id='block_1_2' title="bbox 0 0 1086 3506">
    <p class='ocr_par' dir='ltr' id='par_1_5' title="bbox 0 0 1086 3506">
     <span class='ocr_line' id='line_1_42' title="bbox 0 0 1086 3506; baseline 0 0"><span class='ocrx_word' id='word_1_271' title='bbox 0 0 1086 3506; x_wconf 95' lang='lat' dir='ltr'> </span> 
     </span>
    </p>
   </div>
  </div>
 </body>
</html>
