2154 3518
244 226 245 230 ,
335 182 548 232 GEORGIOON
566 183 635 232 LIB.
655 183 693 232 ΙΙ.

88 267 256 334 Exspectant
274 268 302 317 et
320 263 379 317 viva
398 281 447 316 sua
465 264 599 333 plantaria
616 267 707 326 terra;
750 255 752 260 ’

88 343 135 396 Nil
153 341 251 394 radicis
269 344 353 408 egent
370 341 445 405 aliae,
464 357 652 407 summumque
670 341 782 408 putator
838 407 839 412 Ἰ

88 419 173 471 Haud
191 415 298 470 dubitat
316 420 408 469 terrae
426 416 547 469 referens
565 416 696 469 mandare
713 431 855 478 eaeumen;

87 495 158 558 Quin
177 498 205 548 et
223 493 377 546 caudicibus
396 490 635 545 sectis-mirabile
655 492 764 545 dssetu—
917 504 942 544 se

87 571 217 624 Truditur
235 587 250 622 e
269 571 337 622 sicco
356 569 435 621 radix
454 569 577 635 oleagina
594 569 681 636 ligne;

87 647 125 701 Ilt
142 663 223 714 saepe
241 646 352 699 alterins
372 661 461 700 ramos
479 645 580 712 inpune
599 644 721 696 uidemus

87 723 204 778 Vertere
222 724 247 775 in
266 722 387 790 alterins,
406 723 593 789 mutatamque
611 721 692 772 insita
709 723 780 774 mala

87 801 172 853 Ferre
190 800 287 868 pirum,
305 803 335 851 et
352 799 446 867 prunis
463 796 587 867 lapidosa
604 796 748 850 rubescere
766 815 853 852 corna.

121 875 211 940 Quare
229 875 302 944 agite
321 891 344 942 o,
363 875 487 942 proprios
504 873 656 940 generatim
676 873 770 926 discite
788 873 883 940 cultus,
916 890 940 929 se

88 953 237 1020 Agricolae,
258 953 416 1022 fructusque
435 951 508 1004 feres
526 949 629 1003 mollite
648 950 767 1013 colendo,

86 1029 110 1080 N
114 1045 149 1080 en
166 1045 263 1095 segnes
281 1029 387 1080 iaceant
406 1031 503 1081 terrae.
541 1026 623 1079 Iuvat
642 1026 747 1080 Ismara
766 1028 871 1082 Bacche

86 1106 244 1172 conserere,
262 1109 345 1172 atque
364 1104 423 1157 olea
440 1120 570 1172 magnum
589 1103 689 1156 vestire
709 1103 871 1158 Taburnum.

86 1179 181 1249 'l'nque
198 1181 271 1248 ades,
288 1181 482 1249 inceptumque
499 1197 553 1232 una
570 1178 686 1232 decurre
703 1179 830 1243 laborem,

86 1256 110 1310 Ο
130 1257 220 1323 decus,
239 1275 254 1310 e
273 1257 361 1310 famae
380 1257 478 1309 merito
496 1273 560 1324 pars
579 1273 705 1308 maxuma
724 1262 840 1321 nostme,
916 1269 942 1308 le

86 1331 238 1400 Maecenas,
256 1333 406 1400 pelagoque
425 1333 518 1386 volans
537 1332 572 1385 da
591 1332 650 1385 vela
668 1333 780 1400 patenti.

85 1410 147 1463 Non
167 1426 217 1476 ege
235 1412 334 1462 cuncta
351 1409 419 1461 meis
438 1407 565 1476 amplecti
583 1407 706 1460 versibus
724 1412 795 1476 opto,

86 1483 111 1539 N
114 1503 156 1552 en,
175 1485 240 1538 mihi
259 1486 281 1538 si
298 1484 406 1552 linguae
425 1487 533 1537 centum
552 1485 612 1547 sint,
631 1501 731 1552 eraque
749 1491 866 1548 ceritum,

86 1562 188 1616 Ferrea
207 1577 272 1624 vox3
291 1560 364 1628 ades,
384 1563 412 1613 et
430 1560 510 1630 primi
528 1561 589 1628 lege
606 1560 694 1613 litoris
712 1577 802 1622 orum,

87 1639 120 1691 In
138 1636 261 1690 manibus
280 1641 386 1701 terrae;
405 1652 458 1690 non
477 1637 519 1690 hie
537 1640 566 1689 te
584 1637 702 1690 carmine
721 1639 784 1690 licto
916 1649 941 1689 ee

87 1717 180 1783 Atque
197 1731 248 1782 per
266 1712 396 1781 ambages
414 1715 443 1766 et
460 1713 541 1780 longa
560 1729 656 1767 exorsa
674 1713 780 1767 tenebo.

121 1790 223 1858 Sponte
242 1807 290 1842 sua
308 1807 377 1858 quae
396 1806 425 1843 ee
444 1788 544 1842 tollunt
562 1789 590 1840 in
608 1787 716 1841 luminis
735 1805 802 1850 orae,

88 1865 237 1920 Inlecinrda
255 1865 372 1934 quidem,
391 1865 440 1919 sed
458 1864 531 1918 laeta
550 1868 579 1919 et
600 1866 681 1918 fortia
700 1870 829 1932 surgunt;

87 1942 192 2010 Quippe
205 1942 262 1994 selo
274 1945 372 1995 natura
385 1941 486 1994 subest.
526 1941 627 1994 Tamen
642 1942 708 1994 baec
720 1958 834 2010 qnoque,
847 1943 868 1994 si
882 1940 941 2009 quis

88 2018 204 2086 luserat,
224 2022 271 2071 aut
290 2017 429 2071 scrobibus
447 2017 560 2070 mandet
578 2022 684 2071 mutata
703 2017 828 2084 subactis,
917 2029 942 2070 eo

88 2094 222 2147 Exnerint
240 2094 393 2146 silvestrem
412 2094 538 2158 animum,
557 2093 686 2161 cultuque
704 2085 867 2161 frequenti0

88 2170 121 2223 In
141 2185 324 2238 quascumque
343 2186 421 2222 voces
440 2169 507 2222 artis
525 2169 599 2222 haud
617 2169 697 2222 tarda
716 2173 869 2238 sequentur.

87 2246 217 2300 Necnon
235 2250 264 2299 et
283 2245 389 2312 sterilis,
408 2261 477 2314 quae
497 2244 627 2314 stirpibus
645 2247 702 2300 exit
719 2246 753 2298 ab
771 2246 838 2313 imis,

88 2322 149 2374 lloe
166 2322 254 2388 saciet,
274 2337 372 2375 vacuos
390 2322 412 2375 si
431 2322 467 2376 sit
486 2322 592 2389 digesta
610 2340 660 2391 per
678 2339 775 2390 agros;

56 2399 167 2452 allusio
186 2399 258 2453 altae
277 2398 386 2452 frondes
405 2403 433 2452 et
451 2399 519 2451 rami
537 2401 632 2452 matris
651 2397 795 2467 opacant,0
918 2415 943 2452 ee

89 2477 282 2544 crescentique
302 2474 427 2528 adinnmt
445 2475 525 2542 letus,
544 2480 680 2544 uruntque
697 2476 839 2530 ferentem.

89 2552 156 2617 lani,
175 2568 245 2620 quae
264 2550 411 2604 seminibus
429 2551 506 2604 iactis
525 2567 554 2604 se
573 2552 681 2605 sustulit
699 2552 786 2620 arbos,

88 2627 178 2680 'larda
195 2627 275 2690 venit,
295 2628 362 2681 seris
380 2627 487 2680 factura
505 2629 649 2696 nepotibus
666 2628 798 2696 umbram,

89 2703 228 2772 Pomaque
247 2705 416 2772 degenerant
435 2720 513 2758 sucos
532 2704 617 2758 oblita
634 2705 770 2774 paneae

89 2779 126 2834 Et
143 2781 231 2849 turpis
249 2780 343 2833 avibus
360 2780 491 2848 praedam
510 2781 564 2834 fert
581 2798 633 2834 uva
651 2798 778 2836 racemos.
917 2794 942 2832 oe

124 2856 231 2910 Scilicet
249 2857 372 2910 omnibus
391 2860 433 2910 est
451 2855 528 2909 labor
546 2858 742 2925 inpendendus,
761 2862 790 2911 et
807 2873 901 2910 omnes

91 2932 234 3000 Cogendae
251 2934 279 2985 in
298 2935 409 3001 sulcum,
427 2949 458 2986 ac
476 2934 563 2986 multa
581 2936 706 2988 mercede
725 2933 883 2988 demandae.

90 3008 145 3064 Sed
162 3011 265 3063 truncis
283 3010 358 3063 oleae
377 3010 480 3078 melius,
500 3012 646 3080 propagine
665 3012 733 3064 vites

90 3085 277 3154 Respondent,
296 3086 381 3139 selide
401 3087 520 3155 Paphiae
539 3088 574 3141 de
593 3088 690 3142 robore
708 3091 827 3155 myrtus;

90 3157 194 3214 Plantis
211 3165 240 3215 et
258 3162 343 3216 durae
362 3165 443 3232 coryli
462 3168 617 3231 naseuntur,
637 3168 665 3217 et
682 3165 777 3230 ingens
921 3174 943 3213 ee

91 3235 232 3306 Fraxinus,
250 3237 456 3308 Herculeaeque
474 3241 555 3294 arbos
572 3241 701 3294 umbrosa
717 3254 838 3306 coronae,
