2154 3518
345 157 547 206 GEORGICON
565 159 633 207 LIB.
653 159 705 207 111.
916 159 947 208 63

91 242 230 309 Squamea
248 238 408 294 convolvens
426 237 534 293 sublato
552 243 665 308 pectore
682 243 762 309 terga

93 321 190 386 Atque
209 315 280 367 notis
299 314 405 382 longam
425 315 576 370 maculosus
594 315 744 384 grandibus
761 316 860 382 alvum,

91 393 154 458 Qui,
175 392 241 444 dum
259 408 352 444 amnes
370 391 418 444 ulli
437 395 601 460 rumpuntur
619 391 739 446 fontibus
758 396 785 444 ct
805 391 870 444 dum

92 469 168 522 Vere
187 468 299 521 madent
318 468 372 520 udo
390 472 481 522 torrae
501 486 532 521 ee
549 469 713 537 pluvialibus
732 469 839 535 austris,

91 546 197 612 Stagna
214 545 285 610 colit,
304 546 424 613 ripisque
442 546 575 606 habitam,
593 546 636 599 hic
655 546 773 615 piscibus
791 551 879 599 atram
910 560 946 598 sse

93 621 231 690 Inprobus
248 621 395 689 ingluviem
414 621 542 690 ranisque
560 622 719 692 loquacibus
736 624 841 694 explet3

94 698 245 767 Postquam
264 703 360 752 exusta
379 699 463 768 palus,
482 703 628 768 terraeque
646 701 743 754 ardore
762 701 910 763 dehiscunt,

94 774 193 828 Exsilit
211 776 238 828 in
257 777 364 839 siccum,
384 781 412 829 et
431 776 598 830 flammantia
615 777 717 831 lumina
735 783 865 846 torquens

93 851 188 904 Saevit
205 853 285 920 agris,
304 869 439 921 asperque
459 854 503 906 siti
523 859 606 922 atque
625 855 774 908 exterritus
791 856 876 906 aestu.

93 927 120 978 N
122 944 153 980 ec
171 929 237 981 mihi
255 933 314 983 tum
333 930 420 983 mollis
439 931 489 984 sub
508 931 571 984 divo
589 948 700 1001 carpere
718 947 832 995 somnos,
910 941 946 980 ⁴³⁵

93 1003 156 1057 Neu
175 1005 255 1059 dorso
273 1007 390 1059 nemoris
408 1007 492 1060 libeat
510 1007 623 1062 iacuisse
642 1025 691 1077 per
708 1007 814 1074 herbas,

93 1080 164 1132 Cum
182 1083 278 1150 positis
296 1101 380 1137 novus
399 1085 503 1138 exuviis
521 1084 679 1154 nitidusque
696 1087 806 1138 iuventa

94 1155 228 1226 Volvitur,
247 1165 295 1214 aut
313 1162 417 1214 catulos
435 1163 515 1216 tectis
534 1168 581 1216 aut
599 1179 650 1214 ova
667 1163 829 1230 relinquens,

94 1233 208 1287 Arduus
226 1237 262 1289 ad
281 1237 373 1304 solem,
392 1241 421 1291 et
439 1237 539 1305 linguis
557 1239 640 1291 micat
658 1256 705 1291 ore
723 1237 846 1291 trisulcis.

130 1310 288 1365 Morborum
307 1330 416 1382 quoque
434 1319 463 1368 to
481 1331 590 1368 caussas
611 1319 640 1367 et
658 1316 733 1382 signu
752 1314 863 1382 docebo.
911 1326 946 1364 sse

94 1385 193 1454 Turpis
210 1388 266 1440 oris
284 1394 403 1457 temptat
422 1391 531 1455 scabies,
550 1391 596 1444 ubi
615 1392 729 1460 frigidus
747 1390 834 1443 imber
874 1404 877 1412 ’

95 1461 188 1514 Altius
206 1464 242 1516 ad
261 1465 350 1518 vivum
368 1467 490 1541 persedit
508 1474 536 1522 ct
553 1468 664 1522 horrida
680 1485 746 1521 cmo

96 1539 199 1592 Bruma
217 1540 349 1608 gelu,ch
368 1560 429 1596 cum
448 1545 534 1597 tonsis
553 1546 653 1618 inlotus
671 1545 794 1598 adhaesit

95 1615 193 1681 Sudor,
211 1622 240 1671 et
258 1617 357 1672 hirsuti
375 1627 522 1677 secuerunt
540 1639 652 1690 corpora
670 1638 771 1690 vepres.

97 1691 229 1746 Dulcibus
246 1693 347 1749 idcireo
366 1697 455 1751 fluviis
473 1715 556 1766 pecus
575 1714 654 1751 omne
672 1698 794 1766 magistri
909 1712 946 1752 ses

97 1761 274 1834 l'erfundmrt,
294 1772 409 1841 udisque
428 1775 498 1828 aries
516 1775 544 1828 in
562 1775 672 1843 gurgite
690 1775 760 1828 villis

96 1842 241 1912 Mereatur,
261 1849 413 1918 missusque
432 1852 551 1906 seeundo
570 1851 666 1906 defluit
683 1852 771 1914 amni;

46 1923 86 1990 ,ῃ
97 1923 155 1972 Aut
173 1925 282 1976 tonsum
300 1925 375 1979 tristi
393 1929 555 1996 contingunt
572 1945 668 1998 corpus
686 1945 806 1996 amum,

38 1995 133 2054 nlla
151 2013 259 2064 spumas
277 2001 392 2056 miscent
409 2005 516 2072 argenti
534 2006 649 2072 vivaque
667 2005 769 2057 sulfura

99 2071 250 2141 Idaeasque
267 2077 341 2144 pices
360 2083 388 2132 et
405 2080 515 2148 pinguis
533 2082 651 2148 unguine
669 2073 784 2133 ceres*
912 2093 947 2134 sco

97 2148 261 2228 Scillamque
280 2153 468 2222 elleborosque
486 2157 577 2223 gravis
595 2156 758 2224 nigrumque
776 2155 906 2210 bitumen.

98 2224 158 2277 Non
176 2231 267 2280 tamen
285 2229 341 2282 ulla
358 2233 444 2298 inagis
460 2248 589 2300 praesens
606 2233 715 2286 fortuna
732 2231 855 2285 laborum
873 2237 922 2299 est,

99 2300 185 2364 Quam
203 2303 226 2356 si
246 2305 307 2372 quis
325 2306 397 2359 ferro
415 2307 506 2376 potuit
524 2307 680 2363 rescindere
698 2326 832 2363 summum

31 2407 36 2415 -
99 2377 204 2431 Ulceris
222 2396 265 2434 os:
285 2381 368 2435 alitur
385 2385 481 2438 vitium
501 2386 621 2455 vivitque
639 2386 765 2454 tegendo,

101 2452 171 2506 lhun
189 2456 308 2510 medicas
326 2458 457 2514 adhihere
476 2478 571 2514 manus
589 2461 625 2514 ad
643 2462 753 2516 volnera
770 2467 864 2528 pastor
910 2477 947 2516 see

101 2530 234 2598 Alniegat,
252 2536 300 2587 aut
318 2535 431 2590 meliora
448 2536 514 2590 deos
532 2537 610 2592 sedet
628 2539 717 2592 omina
734 2555 853 2606 poscens.

101 2605 169 2668 Quin
188 2607 278 2674 etiam,
295 2611 351 2665 ima
368 2612 446 2666 dolor
463 2614 603 2668 balantum
623 2614 714 2682 lapsus
732 2616 768 2668 ad
785 2632 848 2670 ossa
916 2640 920 2646 ·

101 2681 167 2735 Cum
185 2684 251 2738 furit
269 2691 353 2755 atque
370 2693 447 2743 artus
465 2690 621 2758 depascitur
640 2691 717 2744 arida
734 2690 825 2757 febris,

101 2756 213 2840 Puduit
223 2763 344 2816 incensos
362 2771 453 2818 aestus
471 2772 596 2820 avertere
614 2772 642 2821 et
660 2769 732 2821 inter

102 2834 159 2887 lma
176 2837 258 2892 ferire
275 2839 354 2907 pedis
372 2841 513 2895 salientem
532 2845 662 2908 sunguine
681 2859 792 2909 venam;
910 2857 948 2895 se)

102 2905 223 2990 BisaQe
237 2932 291 2982 quo
309 2932 384 2968 more
403 2917 490 2970 solent
508 2934 624 2986 acerque
643 2920 769 2984 Gelonus,

102 2987 167 3040 (hun
184 2989 256 3055 fugit
272 2991 301 3044 in
322 2991 473 3061 Rhodopen
491 2994 620 3062 atquem
638 2996 750 3050 deserta
768 2996 901 3050 Getarum

102 3063 137 3116 Et
153 3064 194 3118 lac
211 3071 367 3120 concretum
385 3085 446 3121 cum
465 3071 594 3136 sanguine
611 3076 690 3140 potat
707 3071 814 3139 equino.

102 3138 186 3202 Quam
203 3142 296 3210 procul
314 3146 362 3196 ant
380 3143 455 3198 molli
474 3148 618 3200 succedere
636 3148 743 3216 saepius
760 3147 872 3202 umbrae

102 3213 217 3283 Videris,
234 3222 283 3272 aut
301 3235 420 3273 summas
437 3227 594 3290 carpentem
612 3220 735 3292 ignavius
751 3221 858 3291 herbas,
911 3237 947 3275 ces
