2174 3502
104 139 149 190 ΠΟ
328 138 357 186 Ρ.
378 137 531 188 VERGILI
550 138 717 187 MARONIS

105 219 255 271 Proxumus
272 221 305 270 ut
322 217 457 271 viridante
474 221 535 270 toro
553 216 716 272 consederat
734 219 848 274 herbae:

104 293 218 360 Entello,
237 293 350 346 heroum
370 293 507 361 quondam
526 294 675 347 lentissime
694 293 805 364 frustm,

104 371 224 424 Tantane
241 373 298 422 tam
316 369 424 437 patiens
442 369 516 422 nullo
535 371 683 424 certamine
703 371 763 426 tolli
927 391 967 429 neo

104 447 181 500 Dona
200 445 287 499 sinesl
308 445 355 498 ubi
374 462 445 498 nunc
463 445 541 498 nobis
561 447 629 501 deus
647 447 694 500 ille
712 449 845 516 magister

104 523 277 592 Nequiquam
294 526 460 574 memoratus
480 522 569 591 Eryxl
590 523 637 576 ubi
656 524 728 576 lama
746 541 797 592 per
815 543 925 580 omnem

104 599 277 665 Trinacriam,
296 602 325 652 et
343 599 428 666 spolia
445 597 493 652 illa
511 600 566 653 tuis
584 600 734 669 pendentia
753 603 851 656 tectisl

106 676 156 729 Ille
175 675 225 728 sub
243 675 324 728 haec:
349 675 374 727 N
377 692 412 727 on
430 674 518 729 laudis
536 693 621 744 amor,
639 693 690 730 nec
707 677 794 745 gloria
812 679 896 733 cessit

105 751 187 806 Pulsa
204 755 296 816 metu;
318 751 457 806 sedenim
475 752 583 821 gelidus
601 753 731 808 tardante
751 759 862 808 senecta
928 771 966 808 aas

104 830 218 897 Sanguis
236 828 327 896 hebet,
345 829 500 897 frigentque
520 831 618 884 effetae
637 831 664 883 in
682 835 795 900 corpore
813 833 892 885 vires.

104 907 131 959 Si
150 906 223 971 mihi,
242 922 312 974 quae
331 905 467 972 quondam
486 907 584 973 fuerat,
604 923 712 974 quaque
730 907 861 976 inprobus
880 909 935 960 iste

105 983 231 1035 Exsultat
248 980 343 1048 fidene,
362 981 385 1032 si
403 998 475 1036 nuno
492 984 564 1036 leret
582 983 630 1036 illa
648 985 780 1052 iuventas,

105 1057 188 1110 Haud
206 1057 332 1126 equidem
350 1058 438 1125 pretio
456 1059 585 1113 inductus
602 1060 771 1128 pulchroque
789 1061 903 1114 iuvenco

103 1134 253 1201 Venissem,
273 1151 321 1188 nee
340 1134 411 1187 dona
428 1153 525 1190 moror.
564 1137 607 1190 Sic
626 1137 726 1190 deindo
743 1137 851 1190 locutus
927 1151 965 1189 coo

104 1210 138 1263 In
155 1211 275 1264 medium
292 1211 413 1278 geminos
430 1211 532 1264 inmani
552 1211 676 1281 pondere
696 1216 803 1266 caestus

104 1286 230 1354 Proiecit,
249 1287 348 1356 quibus
366 1305 429 1342 acer
448 1288 522 1356 Eryx
539 1288 568 1340 in
586 1289 691 1357 proelia
709 1293 802 1342 suetus

104 1363 189 1417 Eerre
208 1381 318 1417 manum
338 1365 463 1434 duroque
481 1365 626 1419 intendere
644 1365 770 1419 bracchia
788 1369 873 1434 tngo.

104 1438 269 1509 Obstipuere
287 1442 385 1495 animi:
405 1444 545 1494 tantorum
564 1443 687 1510 ingentia
705 1445 810 1510 septem

104 1515 190 1584 Terga
207 1517 289 1570 boum
308 1518 419 1586 pliunbo
437 1518 528 1572 insuto
545 1520 674 1589 terreque
693 1515 827 1586 rigebant.
925 1533 964 1572 soa

104 1593 178 1646 Ante
196 1595 281 1646 omnis
300 1598 392 1662 stupet
409 1595 468 1663 ipse
488 1595 582 1663 Dares,
601 1596 735 1664 longeque
754 1597 877 1660 recusat3

103 1669 347 1739 Magnanimusque
366 1670 546 1728 Anchisiades
565 1675 594 1725 et
611 1672 718 1740 pondus
737 1676 766 1725 et
784 1671 844 1740 ipsa

104 1744 165 1798 Huc
182 1746 245 1798 illuc
262 1745 411 1799 vinclorum
429 1745 552 1800 inmensa
570 1747 706 1801 volumina
724 1752 823 1801 versat.

103 1819 170 1874 Tum
189 1823 278 1875 senior
295 1823 358 1875 talis
376 1822 514 1876 referebat
532 1827 645 1892 pectore
664 1840 758 1878 voces:

103 1897 182 1963 Quid,
201 1899 222 1951 si
242 1897 303 1965 quis
321 1902 427 1951 caestus
445 1899 530 1967 ipsius
549 1904 578 1952 et
597 1900 725 1953 Herculis
743 1917 818 1953 annia
924 1917 963 1954 no

103 1973 226 2027 Vidisset
243 1976 405 2043 tristemque
423 1975 473 2027 hoc
490 1975 550 2042 ipso
567 1975 594 2027 in
613 1975 694 2029 litore
711 1993 829 2044 pugnam
837 1981 846 2029 l

104 2051 179 2104 Haec
196 2068 342 2118 germanus
360 2052 432 2120 Eryx
451 2050 588 2120 quondam
606 2056 671 2105 tuus
688 2069 764 2106 arnra
779 2053 895 2121 gerebat
903 2077 944 2118 ;--

103 2127 238 2196 Sanguine
257 2129 344 2181 cernis
364 2128 452 2182 adhuc
471 2143 620 2196 sparsoque
638 2127 739 2182 infecta
758 2130 869 2182 cerebro
880 2151 921 2194 ;—-

102 2203 155 2256 His
172 2221 300 2272 magnum
320 2204 437 2258 Alciden
455 2207 550 2258 contra
569 2204 663 2270 stetit3
681 2205 724 2258 his
743 2223 793 2274 ego
811 2209 912 2269 suetus,

102 2278 174 2331 Dum
192 2280 287 2332 melior
304 2280 370 2333 viris
389 2281 498 2348 sanguis
517 2280 609 2347 dabat,
628 2281 735 2334 aemula
754 2282 870 2334 necdum
925 2299 961 2335 415

102 2353 279 2423 Temporibus
296 2357 411 2423 geminis
430 2356 544 2413 canebat
563 2373 657 2425 sparsa
675 2362 810 2412 senectus.

102 2430 157 2483 Sed
174 2431 196 2484 si
214 2435 308 2484 nostra
325 2431 412 2485 Dares
430 2432 497 2486 baec
516 2431 612 2486 Troius
629 2449 705 2486 arma
723 2437 839 2502 recusat,

103 2506 192 2574 quue
209 2507 254 2576 pio
273 2507 351 2560 sedet
372 2511 489 2576 Aeneae,
507 2508 608 2577 probat
627 2513 722 2563 auctor
742 2514 865 2578 Acestes,

103 2587 260 2651 Aequemus
278 2601 390 2653 pugnas.
428 2585 520 2654 Erycis
539 2585 590 2638 tibi
609 2589 688 2654 terge
706 2587 834 2651 remitto;

103 2659 180 2713 Solve
198 2663 303 2725 metus;
324 2666 352 2714 et
370 2665 402 2714 tu
421 2661 550 2715 Troianos
568 2679 637 2714 cxue
656 2666 770 2716 caestus.
924 2679 959 2717 cm

103 2735 180 2788 Haec
197 2737 269 2788 latus
288 2736 424 2806 duplicem
444 2755 478 2790 ex
496 2739 618 2791 humeris
636 2739 735 2792 reiecit
752 2739 888 2803 amictum,

102 2811 138 2864 Et
151 2829 262 2878 magnos
275 2814 459 2867 membrorum
473 2817 557 2883 artus,
570 2831 668 2883 magna
681 2817 743 2868 ossa
754 2815 927 2881 lacertosque

102 2887 193 2954 Exuit,
212 2893 295 2958 atque
313 2890 410 2958 ingens
427 2891 518 2945 media
536 2891 660 2945 consistit
678 2908 767 2945 arena

103 2962 170 3015 Tum
189 2970 263 3018 satus
284 2966 404 3019 Anchisa
422 2971 529 3020 caestus
547 2972 628 3036 pater
646 2968 748 3021 extulit
765 2985 875 3037 aequos,

104 3037 139 3090 Et
157 3043 268 3106 paribus
286 3043 390 3110 palmas
410 3044 549 3096 amborum
568 3045 693 3098 innexuit
711 3045 800 3097 armis.
923 3057 959 3096 art

103 3110 234 3168 Constitit
251 3119 280 3168 in
299 3118 399 3184 digitos
418 3120 555 3186 extemplo
575 3125 698 3173 arrectus
716 3124 842 3190 uterque,

104 3184 288 3256 Bracchiaquo
307 3192 342 3244 od
361 3209 473 3260 superas
491 3194 633 3248 interritus
652 3197 753 3249 extulit
771 3213 858 3250 auras.
