2154 3518
383 158 572 230 BUCOLICA.
605 158 680 206 ECL.
701 157 748 204 VI.
959 159 990 207 13

140 240 225 294 Addit
243 256 272 292 se
290 237 390 292 sociam
409 238 567 307 timidisque
584 237 741 306 supervenit
759 237 857 306 Aegle,
966 252 992 292 ω

138 316 231 382 Aegle,
248 313 385 368 Naiadum
402 313 592 382 pulcherrima,
612 314 720 382 iamque
740 314 845 369 videnti

136 391 295 458 Sanguineis
312 389 431 444 frontem
449 391 532 443 moris
550 393 580 442 et
597 393 721 458 tempora
738 390 835 458 pingit.

138 468 188 521 llle
206 465 298 520 dolum
315 465 415 533 ridens,
435 468 493 532 Quo
512 466 617 520 vincula
635 467 767 520 nectitisl
785 467 881 536 inquit

136 544 238 597 Solvite
256 559 308 610 me,
327 544 418 611 pueri3
436 543 503 596 satis
522 546 564 596 est
582 544 703 611 potuisse
722 543 817 596 rideri.

136 620 270 688 Carmina,
287 635 358 688 quae
376 619 464 683 voltis,
483 619 655 686 cognoscite;
673 619 793 672 carmina
811 620 893 687 robis,
965 635 990 674 aa

140 696 209 749 Huic
226 695 301 748 aliud
319 695 452 749 mercedis
471 695 531 748 crit.
568 694 655 748 Simul
672 694 767 763 incipit
785 697 850 763 ipse.

137 773 204 824 'l'um
221 788 286 824 vero
304 771 332 824 in
350 788 494 825 numerum
512 771 675 839 Faunosque
693 771 820 840 ferasque
839 771 947 826 videres

139 847 252 916 Ludere,
269 851 329 902 tum
347 847 448 916 rigidas
466 851 571 902 motare
589 847 728 900 cacumina
746 864 875 915 quercus3

137 923 161 976 N
164 940 194 978 ec
211 927 319 980 tantum
339 924 447 980 Phoebo
465 924 568 992 gaudet
587 923 716 976 Parnasia
725 941 820 992 rupes,

137 999 195 1054 Nee
212 1004 320 1054 tantum
340 1001 472 1068 Rhodope
490 1000 605 1054 miratur
623 1005 652 1054 ot
671 1001 792 1054 Ismarus
809 1000 927 1068 Orphea
964 1013 988 1051 ao

139 1077 162 1128 u
164 1093 262 1146 amque
281 1077 403 1144 canebat,
421 1078 461 1130 uti
480 1093 606 1145 maguum
625 1093 675 1145 per
693 1077 772 1130 inane
791 1079 884 1130 coacta

148 1152 246 1206 lentina
263 1156 452 1221 terrarumque
471 1153 631 1221 animaeque
649 1154 785 1221 marisque
802 1153 918 1205 luissent

141 1228 173 1281 cit
190 1228 286 1298 liquidi
305 1228 384 1281 simul
401 1230 489 1296 ignis3
507 1233 539 1282 ut
556 1228 597 1281 his
616 1229 728 1282 exordia
745 1229 839 1298 primis

94 1333 95 1338 κ
138 1305 235 1358 Cmnia
252 1311 281 1358 et
298 1305 356 1372 ipse
374 1309 453 1358 tener
471 1305 567 1358 mundi
586 1304 754 1358 concreverit
772 1304 859 1368 orbis3

136 1379 206 1433 Tum
224 1380 323 1434 durare
342 1381 427 1433 solum
446 1384 475 1434 et
493 1380 647 1434 discludere
666 1380 757 1433 Nerea
774 1382 858 1448 ponto
963 1393 988 1433 ss

136 1455 265 1524 Coeperit
283 1459 312 1510 ct
329 1473 421 1508 reruni
439 1455 571 1524 paulatim
590 1472 697 1510 sumere
714 1457 832 1521 formas;

137 1533 251 1600 Iamque
269 1550 366 1586 novum
385 1536 475 1586 torrae
493 1536 622 1601 stupeant
638 1534 774 1586 lucescere
792 1533 886 1600 solem,

139 1609 229 1661 Altius
247 1613 330 1677 atquo
349 1609 448 1662 cadant
466 1609 600 1664 submotis
618 1607 735 1663 nubibus
753 1608 872 1673 imbres;

136 1683 272 1753 incipiant
290 1685 373 1739 silvae
391 1701 452 1738 cum
471 1686 589 1754 primum
607 1701 727 1753 surgere,
747 1700 862 1752 cumque

136 1759 210 1814 Rara
226 1777 276 1829 per
293 1762 401 1830 ignaros
419 1765 513 1815 errent
531 1761 659 1815 animalia
677 1761 784 1814 montis.
962 1776 987 1814 40

137 1837 208 1891 Hinc
226 1837 330 1906 lapides
350 1837 469 1906 Pyrrhae
487 1838 580 1902 iactos,
599 1837 727 1892 Saturnia
744 1854 835 1905 regna,

136 1913 333 1982 Caucasiasque
350 1915 434 1968 refert
452 1914 575 1967 volucres
592 1914 750 1982 furtumque
770 1913 932 1968 Promethei.

137 1987 188 2040 His
206 1989 336 2057 adiungit,
356 1990 446 2058 Hylan
464 1994 564 2044 nautae
582 2007 637 2058 quo
655 1991 729 2042 fonto
748 1989 871 2042 relictum

135 2063 310 2131 Clamassont,
329 2068 361 2118 ut
379 2065 451 2132 litus,
472 2066 550 2132 Hyla,
570 2067 649 2134 Hyla,
667 2082 747 2118 cumo
765 2068 874 2118 sonaret
884 2085 891 2130 ;

135 2139 172 2193 111
190 2139 364 2206 fortunatam,
382 2139 405 2192 si
423 2156 571 2208 numquam
589 2143 714 2194 armenta
731 2140 853 2208 fuissent,
961 2155 986 2194 aa

135 2215 287 2284 Pasiphaen
304 2217 375 2269 nivei
394 2216 497 2270 solatur
514 2233 606 2270 umore
624 2217 737 2270 iuvenci.

135 2292 188 2357 Ah,
206 2291 282 2360 virgo
300 2293 400 2356 infelix,
419 2310 489 2361 quac
507 2299 536 2347 te
554 2293 693 2347 dementia
710 2294 799 2363 cepit!

136 2366 278 2421 Proetides
296 2369 433 2438 inplerunt
451 2370 525 2424 salsis
545 2369 694 2438 mugitibus
713 2387 806 2437 agros:

136 2451 174 2501 ht
193 2462 246 2498 non
264 2450 320 2499 tam
339 2446 427 2514 turpis
445 2446 580 2514 pecudum
597 2448 690 2499 tamen
709 2447 763 2498 ulla
781 2449 876 2500 secuta
895 2448 938 2501 est

133 2522 307 2591 Concubitus,
326 2523 449 2592 quamvis
467 2523 535 2575 collo
553 2522 690 2575 timuisset
707 2528 827 2574 aratrum
960 2537 985 2576 so

79 2633 80 2636 =
134 2599 169 2654 lit
187 2618 267 2669 saepe
285 2600 314 2653 in
332 2601 384 2654 levi
403 2599 557 2668 quaesisset
574 2613 676 2652 cornua
693 2598 788 2650 fronte.

132 2679 188 2746 Ah,
206 2678 281 2746 virgo
299 2676 402 2745 infelix,
420 2680 452 2730 tu
469 2675 585 2730 nuncin
602 2672 739 2728 montibus
758 2687 844 2726 erras:

133 2754 191 2821 Ille,
209 2754 282 2807 latus
300 2754 409 2808 niveum
428 2752 502 2806 molli
520 2752 606 2806 fultus
623 2750 775 2819 hyacintho,

134 2830 199 2882 llice
218 2829 268 2882 sub
286 2831 364 2898 nigra
382 2829 509 2898 pallentis
527 2829 648 2882 ruminat
665 2826 771 2893 herbas,

133 2905 192 2959 Aut
199 2905 317 2974 aliquam
324 2907 352 2958 in
360 2907 589 2974 magnosequitur
593 2921 685 2973 grege.
699 2901 983 2974 Claudite,anphae‚

132 2978 261 3034 Dictaeae
280 2981 305 3033 N
307 2983 429 3050 ymphac.
448 2999 588 3036 nemorum
606 2981 660 3034 iam
679 2978 799 3033 claudite
817 2977 910 3041 saltus,
958 2991 984 3029 oo

132 3054 162 3108 Si
179 3073 233 3125 qua
250 3057 320 3110 forte
339 3059 428 3111 ierant
446 3057 530 3112 oculis
549 3073 608 3111 sese
626 3055 706 3109 obvia
724 3054 824 3108 uostris

132 3129 294 3186 linabunda
311 3132 388 3186 bovis
407 3133 539 3201 vestigia3
557 3133 670 3187 forsitan
689 3131 772 3196 illum,

133 3207 193 3262 Aut
209 3207 295 3262 herba
312 3212 423 3277 captum
440 3208 528 3276 viridi,
547 3212 596 3262 aut
613 3209 737 3261 armenta
755 3206 884 3269 secutum,
