2174 3502
359 151 539 198 AENlllDOS
557 148 626 198 LIB.
646 147 726 198 VIII.
915 151 963 200 23⁰

108 234 173 290 Rex
191 233 267 304 prior
284 232 363 288 haec:

108 313 243 368 Maxume
255 311 421 366 Teucrorum
434 309 539 378 ductor,
551 324 606 378 quo
619 306 722 377 sospite
734 321 884 378 numquam
923 317 960 363 lut

107 388 168 442 Res
186 387 315 456 equidem
333 386 430 440 Troiae
446 385 533 439 victas
550 387 598 439 aut
615 401 699 453 regna
716 384 830 452 fatebor,

107 464 199 517 Nobis
217 460 253 516 ad
271 461 335 516 belli
353 461 483 516 auxilium
502 477 550 529 pro
569 461 676 514 nominc
695 463 775 514 tanto

108 543 235 610 Exiguae
254 540 337 593 vires:
359 538 421 593 hinc
440 537 526 591 Tusco
543 536 696 590 claudimur
714 537 794 604 amni,

108 619 185 672 Hinc
204 616 323 670 Rutulus
340 616 450 685 premit,
468 618 497 668 et
515 629 623 668 murum
643 613 823 668 circumsonat
840 616 930 680 armis,

107 695 166 750 Sed
184 694 236 748 tibi
254 710 306 760 ego
323 692 442 760 ingentis
459 690 573 760 populos
591 690 775 760 opulentaque
793 691 884 759 regnis
926 707 961 746 us

108 772 231 839 Iungere
248 772 338 824 castra
355 785 429 837 paro,
449 785 531 838 quam
548 767 605 822 fors
622 765 732 834 iuopina
750 768 865 822 salutem

107 848 248 902 Ostentat
285 845 362 900 Fatis
379 844 432 899 huc
450 847 480 899 le
497 843 672 914 poscentibus
690 844 787 898 adfers.

108 923 196 977 Haud
214 922 307 991 procul
325 921 390 976 hinc
408 938 474 978 saxo
492 921 618 976 incolitur
639 919 755 975 fundata
772 925 882 978 vetusto

108 1000 196 1054 Urbis
214 1000 358 1068 Agyllinae
376 998 463 1066 sedes,
481 998 528 1052 ubi
547 997 634 1066 Lydia
651 999 788 1066 quondam

108 1079 192 1143 tiens,
211 1075 283 1129 bello
301 1075 448 1144 praeclara,
465 1075 536 1143 iugis
553 1074 656 1128 insedit
675 1076 804 1132 Etruscis.
924 1092 960 1131 leo

109 1154 192 1206 Hanc
210 1151 311 1205 multos
328 1151 470 1206 florentem
487 1167 571 1206 annos
588 1167 638 1204 rex
656 1151 758 1206 deinde
773 1153 891 1222 superbo

109 1229 223 1298 lupario
241 1232 269 1282 et
286 1227 373 1283 saevis
391 1227 482 1282 tenuit
501 1227 654 1282 Mezentius
671 1229 760 1282 armis.

109 1304 185 1369 Quid
203 1320 352 1357 memorem
369 1303 494 1358 infandas
512 1303 616 1369 caedes,
636 1304 703 1372 quid
721 1305 793 1358 faeta
810 1307 918 1374 tyranni

110 1381 217 1434 Efferat
239 1379 267 1432 di
285 1381 366 1448 capiti
384 1380 469 1448 ipsius
486 1380 636 1448 generique
654 1385 808 1434 reservent!

109 1457 222 1510 Mortua
239 1457 304 1526 quin
322 1457 405 1512 etiam
422 1455 554 1524 iungebat
571 1471 685 1524 corpora
703 1455 777 1523 vivis,
924 1471 961 1512 sss

109 1533 274 1601 Conponens
292 1531 471 1601 manibusque
490 1549 585 1586 manus
603 1534 687 1600 atque
705 1532 797 1588 oribus
815 1549 870 1600 ore,

109 1609 252 1662 Tormenti
269 1625 363 1676 genus,
381 1613 410 1662 ot
428 1609 503 1662 sanie
522 1608 642 1677 taboque
659 1609 770 1664 fluentis

109 1685 253 1753 Conplexu
271 1685 298 1738 in
316 1685 414 1738 misero
432 1685 513 1754 longa
531 1685 568 1738 sic
586 1689 674 1739 morte
692 1686 813 1742 necabat.

111 1762 152 1815 At
169 1761 234 1820 fessi
252 1760 363 1814 tandem
381 1761 454 1816 cives
471 1761 583 1814 infanda
601 1760 735 1816 iurantem

111 1837 223 1890 Armati
241 1837 443 1892 circumsistunt
462 1838 605 1907 ipsumque
624 1837 797 1908 domumque,
924 1855 962 1896 sco

110 1913 285 1966 Obtruncant
302 1913 395 1980 socios,
413 1916 504 1982 ignem
523 1914 558 1968 ad
577 1915 686 1983 fastigia
703 1915 813 1970 iactant.

111 1989 165 2043 llle
181 1990 255 2042 inter
271 1989 382 2043 caedem
403 1991 567 2044 Rutulorum
587 1991 695 2059 elapsus
712 1992 740 2044 in
757 2009 838 2060 agros

110 2065 272 2134 Confugere,
289 2069 319 2118 et
336 2066 419 2120 Turni
439 2067 582 2120 defendier
600 2067 715 2134 hospitis
733 2069 822 2122 armis.

110 2142 184 2210 Ergo
202 2141 289 2195 omnis
306 2143 384 2196 furiis
402 2144 521 2197 surrexit
539 2143 651 2198 Etruria
669 2143 760 2208 iustis;

111 2219 218 2286 Regem
236 2217 272 2271 ad
290 2219 450 2286 supplicium
470 2219 606 2288 praesenti
627 2219 718 2274 Marte
736 2225 889 2290 reposcunt.
924 2238 960 2278 aas

112 2295 165 2347 His
184 2311 236 2362 ego
254 2298 290 2360 te,
311 2297 412 2363 Aenea,
431 2295 573 2350 <lucturam
592 2295 702 2349 milibus
720 2296 827 2352 addam.

111 2371 181 2424 Toto
198 2387 317 2440 namque
335 2373 453 2426 fremunt
471 2373 623 2426 condensae
640 2373 720 2428 libore
736 2372 850 2444 puppes,

111 2447 251 2515 Signaque
267 2447 340 2501 ierrc
357 2447 465 2513 iubent;
487 2450 587 2502 retinet
605 2449 752 2518 longaevus
770 2452 905 2520 hanrsmx

113 2523 183 2577 nata
201 2540 313 2578 canens:
333 2523 356 2576 0
376 2525 516 2579 Maeoniae
535 2525 642 2579 delecta
660 2526 794 2595 iuventus,

112 2599 177 2654 Flos
189 2603 312 2654 veterum
325 2601 466 2670 virtusque
479 2601 573 2669 virum,
586 2618 654 2669 quos
665 2602 754 2656 iustus
766 2603 794 2656 in
806 2603 913 2660 hostem
924 2619 961 2658 soa

113 2676 180 2730 Fert
198 2677 276 2731 dolor
293 2681 323 2731 et
339 2679 438 2731 merita
456 2677 580 2732 accendit
599 2677 751 2732 Mezentius
768 2680 816 2747 ira,

112 2752 188 2806 Nulli
206 2753 247 2807 sas
266 2753 338 2807 italo
356 2758 463 2808 tantam
483 2754 646 2822 subiungere
663 2759 788 2823 gentem:

113 2830 249 2884 Externos
267 2834 362 2900 optate
380 2831 470 2886 duces.
509 2831 577 2885 Tum
597 2831 712 2888 Etrusca
730 2831 834 2887 resedit

113 2906 174 2960 Hoc
191 2907 263 2961 ecies
280 2923 383 2977 canipe,
400 2909 510 2962 monitis
528 2909 661 2963 exterrita
678 2910 775 2962 divona

113 2984 178 3052 lpse
196 2988 318 3038 oratores
335 2984 371 3038 ad
388 3002 432 3038 mc
450 2985 582 3053 regnique
600 3002 726 3039 coronam
925 2997 961 3042 tot

112 3059 180 3112 Cum
200 3066 308 3129 sceptro
326 3061 400 3115 misit
417 3061 585 3130 mandatque
603 3062 718 3128 insignia
736 3060 865 3128 Tarchon,

111 3136 261 3190 Succedam
279 3138 385 3205 castris,
404 3138 595 3205 Tyrrhenaque
613 3154 697 3204 regna
715 3153 861 3204 capessam.

111 3211 165 3266 uon
185 3213 251 3265 mihi
270 3212 351 3267 tarda
368 3214 431 3278 gelu
450 3213 598 3280 saeclisque
615 3212 697 3264 effeta
714 3214 839 3265 senectus
