2152 3506
327 416 355 465 P.
374 414 529 462 VERGILI
548 415 714 464 MARONIS

298 569 762 648 AENEID-OS

350 757 467 810 LlBllR
492 756 696 811 SECUNDUS

95 1069 276 1122 Conrrceuun
295 1083 395 1134 omncs,
414 1069 570 1139 intentique
589 1087 637 1123 om
655 1067 795 1121 tenebant.

96 1143 165 1196 Inde
184 1145 244 1194 toro
263 1145 342 1209 pater
361 1146 470 1198 Aeneas
488 1147 526 1200 sic
544 1163 621 1199 orsus
639 1144 674 1198 ab
692 1143 759 1196 alto:

130 1218 285 1285 Infandum,
305 1218 418 1286 Regina,
436 1221 514 1276 iubes
533 1237 664 1274 renovare
683 1219 811 1282 dolorem,

94 1297 223 1349 Troianas
243 1299 274 1348 ut
293 1312 358 1363 opes
378 1301 406 1350 et
425 1298 599 1352 lamentabile
618 1311 732 1364 regnum

95 1372 223 1425 Eruorint
242 1371 345 1436 Danai;
363 1389 489 1442 quaeque
507 1375 566 1442 ipse
584 1372 736 1426 miserrima
754 1370 818 1438 vidi,
955 1389 967 1425 ⁵

96 1451 130 1502 Et
147 1465 264 1517 quorum
283 1465 347 1516 pars
366 1466 465 1517 magna
484 1452 529 1504 fui.
568 1450 634 1514 Quis
653 1447 719 1502 talia
737 1446 817 1500 fando

94 1525 294 1592 Myrmidonum
316 1524 486 1594 Dolopumve
505 1531 553 1579 out
573 1525 634 1578 duri
654 1524 732 1576 miles
750 1522 824 1576 Ulixi

93 1601 238 1668 Temperet
256 1618 272 1654 a
290 1602 410 1656 lacrimis
418 1605 427 1656 l
447 1607 474 1656 ct
492 1603 545 1655 iarn
564 1619 617 1654 nox
637 1599 750 1653 humida
767 1598 841 1651 caelo
859 1657 866 1672 .

93 1679 266 1747 Praecipitat,
285 1679 460 1749 suadentque
479 1679 605 1734 cedentia
625 1679 716 1732 sidere
735 1691 846 1729 somnos

93 1754 148 1808 Sed
166 1755 188 1808 si
208 1758 302 1808 tantus
322 1773 398 1809 amor
416 1774 494 1811 casus
512 1771 676 1824 cognoscere
695 1757 801 1806 nostros
939 1769 966 1807 ro

93 1831 129 1884 llt
146 1831 270 1884 breviter
289 1833 383 1885 Troiae
403 1849 559 1901 supremum
578 1831 674 1884 audire
693 1829 822 1890 laborem,

93 1909 267 1976 Quamquam
280 1910 384 1960 errimus
397 1910 550 1961 meminisse
562 1908 664 1973 horret,
676 1906 808 1971 luctuque
820 1901 936 1971 refugit,

94 1983 236 2052 Incipiam.

270 2060 360 2112 Fracti
379 2059 451 2112 bello
470 2059 588 2126 fretisque
607 2058 710 2128 repulsi

93 2134 230 2190 Ductores
251 2137 383 2203 Derrounr,
402 2139 444 2189 tot
462 2136 516 2188 iam
534 2135 689 2188 labentibus
709 2137 793 2201 annis,

93 2212 187 2265 Instar
205 2213 303 2265 montis
323 2228 424 2280 equum
443 2212 536 2265 divine
555 2211 675 2265 Palladis
694 2215 755 2264 erte
934 2224 962 2264 15

94 2288 257 2353 Aedificant,
280 2291 409 2355 sectaque
427 2289 557 2343 intexunt
575 2288 666 2342 abiete
684 2291 787 2351 costam
852 2339 861 2350 ,

94 2362 196 2416 'Votum
214 2380 263 2432 pro
283 2364 376 2417 reditu
396 2366 539 2430 simulant3
557 2383 590 2418 ee
607 2365 680 2417 ferna
698 2367 820 2432 vagetur.

94 2439 158 2492 Huc
175 2440 280 2493 delecta
298 2441 386 2493 iirurn
407 2442 498 2495 sortiti
519 2434 634 2511 corpore
652 2440 746 2494 furtim

95 2515 242 2570 Inclmlunt
261 2535 339 2572 caeco
358 2519 447 2586 lateri,
467 2519 637 2588 pertitusque
656 2533 784 2570 cavemus

95 2592 219 2660 Ingentis
237 2600 401 2664 uterumque
421 2599 527 2648 armato
548 2595 635 2648 milite
657 2593 791 2662 conplent.
937 2609 963 2646 ee

130 2669 180 2722 Est
197 2670 225 2722 in
243 2677 390 2739 conspectu
411 2671 544 2740 Tenedos,
564 2672 705 2725 notissima
722 2670 795 2722 farne.

97 2745 196 2807 Insula,
214 2745 290 2799 dives
308 2765 397 2816 opum,
420 2749 522 2802 Priami
542 2749 608 2801 dum
629 2764 713 2816 regna
730 2744 884 2812 manebant,

95 2821 175 2876 Nunc
193 2825 300 2877 tanturn
320 2825 395 2877 sinus
414 2829 443 2879 et
461 2827 543 2879 statio
563 2824 634 2878 male
655 2825 712 2878 fide
729 2821 842 2887 carinis3

97 2898 160 2951 Hue
178 2916 208 2952 se
225 2901 348 2967 provecti
366 2900 477 2954 deserto
496 2901 524 2954 iu
541 2901 624 2954 litore
645 2900 772 2958 condunt.

98 2973 155 3025 Nos
173 2974 272 3027 abiisse
291 2975 343 3027 rati
362 2979 391 3028 et
409 2979 491 3028 vento
509 2977 621 3044 petiisse
642 2975 775 3042 Mycenas,

99 3048 170 3114 Ergo
191 3050 277 3102 omnis
295 3050 374 3117 longo
393 3050 473 3103 solvit
491 3067 520 3102 ee
539 3051 653 3103 Teucria
671 3051 752 3104 luctu.

26 3185 49 3204 Β
103 3123 264 3175 Tenduntur
282 3132 392 3191 portam
410 3126 486 3177 iuvat
504 3125 544 3176 ire
563 3130 591 3176 ot
612 3125 708 3178 Dorica
726 3129 815 3178 castra
