2172 3506
393 144 580 194 AENEIDOS
595 145 665 194 LIB.
683 147 749 195 ΧΠ.
957 156 1002 205 327

148 225 327 293 Transadigit
344 230 435 279 costas
453 230 482 279 et
499 228 583 280 eratis
602 228 721 295 pectoris
740 245 850 290 ensem„

148 303 256 357 Turnus
274 319 345 371 equo
363 301 500 356 deiectum
520 305 653 370 Amycum
672 304 842 372 fratremque
861 306 981 371 Dierem,

148 381 319 448 Congressus
336 378 429 447 pedes,
448 379 519 432 hunc
537 380 691 432 venientem
710 380 822 448 cuspide
841 382 927 450 longa,
966 400 1003 438 ero

149 457 230 510 Hunc
249 471 377 508 mucrone
396 455 459 508 ferit
477 472 614 522 curruque
633 456 738 510 abscisa
757 456 872 510 duorum

148 531 297 599 Suspendit
314 532 411 599 capita,
431 535 460 584 et
477 532 599 584 rorantia
617 533 747 600 sangnine
766 538 863 601 portat.

146 610 199 662 ille
218 607 302 661 Talon
320 608 487 676 Tanaimque
505 608 564 660 neci
582 608 737 678 fortemque
757 610 917 681 Cethegum,

146 686 206 738 Tris
224 701 277 738 uno
296 700 448 751 congressu,
467 688 496 737 et
514 689 648 737 maestum
666 687 754 740 mittit
774 687 884 756 Oniten,

147 761 263 816 Nomine
281 760 440 815 Echionium
459 760 609 829 matrisque
627 778 711 828 genus
732 763 875 829 Peridiae;
967 782 1004 821 tis

148 836 200 891 Hie
217 838 317 890 fratres
337 837 417 904 Lycia
434 838 531 889 missos
548 842 578 889 et
597 838 731 904 Apollinis
749 840 829 906 agris,

147 911 182 967 Et
199 913 324 965 iuvenem
342 929 453 965 exosun
472 913 636 980 nequiquam
654 912 727 968 bella
747 915 901 984 Menoeten,

147 989 263 1054 Areada,
282 989 404 1056 piscosae
423 989 466 1042 eni
485 989 588 1041 circum
607 989 720 1043 flumina
738 991 846 1046 Lernae

148 1068 200 1118 Ars
217 1064 309 1118 luerat
326 1081 484 1133 pauperque
502 1065 606 1132 domus,
624 1083 675 1119 nec
693 1071 758 1120 nota
777 1072 920 1136 potentum

146 1139 268 1206 Munera,
287 1140 475 1208 conductaque
493 1144 573 1208 pater
590 1141 690 1195 tellure
709 1143 824 1198 serebat.
966 1162 1003 1199 sae

112 1218 188 1287 gite
205 1217 280 1270 velut
297 1216 401 1269 inmissi
420 1215 536 1270 diversis
553 1216 677 1284 partibus
693 1219 771 1285 ignes

146 1293 280 1346 drentem
297 1292 325 1344 in
344 1291 438 1345 silvam
455 1295 484 1345 et
502 1293 621 1360 virgulta
638 1295 761 1346 sonantia
778 1295 866 1350 lauro:

146 1371 205 1421 Aut
224 1368 271 1421 ubi
289 1367 406 1421 decursu
424 1368 521 1435 rapido
540 1369 733 1422 dementibus
752 1370 815 1422 altis

144 1441 220 1498 Dant
238 1445 357 1498 sonitum
376 1445 496 1513 spumosi
514 1461 615 1511 amnesi,
635 1449 665 1498 et
683 1445 710 1498 in
729 1463 848 1515 aequora
865 1453 980 1501 eumont
996 1480 1017 1518 q

146 1521 268 1588 Quisque
286 1537 363 1573 suum
382 1521 527 1589 populatus
546 1522 612 1575 iter:
631 1536 685 1573 non
704 1523 814 1589 segnius
833 1523 913 1576 ambo
966 1525 1003 1579 oet

146 1599 254 1650 Aeneas
273 1595 434 1664 Turnusque
452 1599 537 1650 ruunt
555 1613 605 1664 per
622 1597 741 1665 proelia3
759 1615 838 1666 nunc,
857 1617 927 1654 nunc

146 1671 275 1725 Elnetnat
293 1672 334 1725 ira
351 1672 440 1725 intus:
459 1676 624 1740 rumpuntur
642 1674 732 1727 nescia
751 1675 820 1729 vinci

146 1749 276 1812 Pectora;
293 1763 364 1801 nuno
382 1748 449 1802 totis
466 1749 495 1800 in
513 1748 624 1801 volnera
641 1749 744 1803 viribus
763 1751 825 1804 itur.

146 1823 306 1877 Murranum
323 1824 375 1891 hie,
394 1828 488 1877 atavos
506 1828 535 1877 et
553 1840 665 1877 avorum
683 1826 796 1894 antique
815 1833 954 1881 sonantem

145 1900 171 1952 N
173 1901 270 1967 omina,
282 1917 332 1969 per
344 1916 478 1967 regesque
491 1902 581 1954 actum
593 1917 679 1968 genus
692 1918 771 1954 omno
785 1902 903 1968 Latinos,
964 1920 1000 1958 teo

147 1976 328 2045 Praecipitem
346 1976 454 2044 scopulo
473 1979 557 2043 atquo
575 1977 694 2044 ingentis
713 1978 824 2032 turbine
843 1981 900 2032 saxi

146 2052 265 2116 Excutit,
284 2052 454 2118 effunditque
473 2051 545 2116 solo,
563 2052 635 2105 hunc
654 2052 712 2105 lora
731 2058 759 2106 et
778 2054 840 2123 iuga
858 2056 954 2109 subter

146 2128 308 2181 Provolvere
326 2131 418 2192 rotee;
436 2126 532 2180 crebro
551 2143 633 2195 super
651 2129 752 2196 ungula
770 2131 850 2199 pulsu

147 2205 235 2257 Incite
253 2220 303 2256 nee
322 2202 424 2255 domini
442 2219 593 2256 memorum
613 2204 751 2272 proculcat
769 2223 906 2274 equorum

148 2279 197 2334 Ille
215 2280 306 2332 ruenti
327 2278 409 2346 Hyllo
427 2279 580 2347 animisque
598 2279 706 2332 inmane
724 2281 852 2336 frementi
964 2300 1000 2338 ses
1072 2293 1078 2306 ·

146 2355 279 2420 Occurrit,
298 2356 438 2422 telumque
456 2359 552 2408 aurata
570 2355 605 2408 ad
622 2359 747 2424 tempora
765 2361 888 2428 torquet:

147 2431 200 2484 Olli
217 2449 267 2500 per
285 2432 389 2498 galeam
407 2431 462 2483 fixo
481 2432 561 2484 stetit
578 2432 657 2484 hasta
677 2434 794 2488 cerebro.

146 2508 268 2561 Dextera
286 2525 335 2560 nee
354 2511 455 2574 tuate,
476 2506 589 2560 Graium
608 2507 764 2576 fortissime,
784 2511 911 2577 Cretheu,

146 2584 254 2652 Eripuit
272 2584 377 2649 Tum03
395 2601 445 2636 nec
464 2582 493 2636 di
511 2587 607 2637 texere
627 2583 791 2653 Cupencum,

148 2663 244 2714 Aenea
262 2660 394 2725 veniente,
415 2660 471 2725 sni,
490 2659 568 2713 dedit
587 2659 666 2713 obvia
683 2659 755 2712 ferro
964 2679 1000 2716 cro

148 2735 269 2804 Pectora,
287 2753 337 2789 nec
356 2737 455 2790 misero
475 2735 555 2804 clipei
575 2752 651 2788 mora
669 2735 773 2804 profuit
791 2736 872 2791 aerei.

146 2811 184 2864 Te
203 2829 310 2881 quoquo
330 2813 480 2866 Laurentes
498 2812 635 2879 viderunt,
654 2813 748 2881 Aeole,
767 2815 854 2882 campi

147 2889 286 2957 Oppetere
304 2892 333 2941 et
350 2888 406 2943 late
424 2893 527 2942 terram
545 2892 720 2942 consternere
739 2893 828 2956 tergm

148 2963 263 3032 Occidis,
284 2965 403 3032 Argivae
422 2982 503 3034 quem
521 2983 574 3018 non
593 2969 708 3032 potuere
727 2964 874 3034 phalanges

147 3038 283 3108 Sternere,
301 3057 351 3094 nec
369 3041 470 3094 Priami
488 3058 633 3110 regnorum
653 3057 762 3094 eversor
782 3041 917 3112 Achillem
964 3057 999 3096 oss

148 3114 202 3169 Hie
219 3115 271 3170 tibi
289 3118 385 3171 mortis
404 3121 482 3170 erant
501 3122 597 3183 metae,
617 3117 713 3170 domus
731 3120 787 3170 alta
805 3118 856 3170 sub
876 3117 934 3182 Ida,

149 3190 261 3256 Lyrnesi
279 3192 376 3246 domus
394 3193 457 3260 alta,
476 3194 532 3245 solo
552 3193 689 3245 Laurente
707 3193 886 3262 sepulchrum.
