2174 3502
393 160 575 210 AENEIDOS
595 159 663 208 als.
683 161 731 206 vl.
939 163 984 208 193

132 243 267 312 Quisquis
285 257 323 308 es,
342 247 463 296 armatus
481 240 529 310 qui
547 247 640 294 nostra
657 240 694 294 ad
712 241 823 293 flumina
841 241 939 310 tendis,

131 323 208 376 Fare
219 335 279 387 age,
292 317 358 388 quid
372 318 472 382 venias,
484 319 537 370 iam
551 317 638 380 istinc,
652 321 681 372 et
693 318 842 386 comprimo
854 333 984 385 gressum.

129 397 304 453 Umbramm
316 394 359 448 hie
371 395 445 447 locus
458 398 508 461 est,
521 393 613 447 Somni
626 394 777 462 Noctisque
789 409 916 462 sopora03
950 409 986 448 aso

131 476 258 542 Corpora
275 471 337 524 vira
354 471 430 523 nefas
449 469 543 538 Stygia
560 473 670 523 vectare
688 470 785 525 carina.

131 552 195 604 Nec
214 565 279 602 vero
297 546 414 600 Alciden
433 562 477 599 me
496 563 555 600 sum
574 545 691 599 laetatus
710 549 820 600 cuntem

133 626 285 694 Accepisse
303 624 370 690 lacu,
388 639 439 676 nee
458 621 562 674 Thesea
581 621 795 692 Pirithoumque,

132 703 186 755 Dis
204 716 368 768 quamquam
387 698 473 764 geniti
491 701 575 766 atquo
592 697 685 750 invicti
704 698 806 751 viribus
825 702 924 752 essent.

132 778 296 832 Tartareum
314 775 359 828 ille
378 791 460 827 manu
478 774 619 827 custodem
637 775 665 827 in
682 775 770 828 vincla
787 774 893 843 petivit,
950 788 986 827 aas

134 855 228 922 Ipsius
246 869 263 904 a
281 852 347 905 solio
365 851 444 918 regis,
463 849 604 918 traxitque
622 853 802 913 trementom;

133 930 177 984 Hi
195 929 331 980 dominam
351 927 423 979 Ditis
442 925 562 979 thalamo
580 925 718 980 deducere
736 927 834 981 adorti.

134 1006 213 1066 Quae
231 1007 326 1058 contra
345 1003 466 1056 breviter
482 1002 541 1056 fata
559 1006 602 1056 est
621 1003 786 1071 Amphrysia
803 1007 895 1057 vates:

133 1082 236 1136 Nullae
253 1081 298 1133 hic
315 1079 430 1133 insidiae
448 1079 533 1144 tales;
552 1078 654 1132 absiste
672 1080 790 1145 moveri3

134 1159 196 1212 Nec
213 1157 268 1209 vim
286 1157 342 1210 tela
358 1156 467 1220 ferunt;
484 1155 549 1208 licet
566 1155 662 1223 ingens
679 1157 779 1209 ianitor
797 1159 875 1210 antro
950 1167 986 1210 oo

135 1237 290 1290 Aeternum
308 1233 411 1286 latrans
428 1231 575 1299 exsanguis
592 1235 698 1285 terreat
715 1232 834 1299 umbras,

134 1311 220 1364 Casta
239 1310 303 1362 lieet
320 1309 412 1377 patrui
430 1311 522 1362 servet
541 1308 705 1376 Proserpina
722 1308 811 1362 limen.

134 1387 233 1440 Troius
253 1387 367 1451 Aeneae,
385 1385 490 1452 pietate
508 1383 620 1451 insignis
638 1387 667 1437 et
685 1384 774 1451 armis,

134 1462 184 1516 Ad
202 1466 353 1532 genitorem
369 1463 439 1514 imas
457 1459 541 1514 Erebi
559 1459 702 1514 deseendit
720 1459 756 1513 ad
772 1461 890 1514 umbras.

134 1537 165 1592 Si
182 1542 213 1591 te
230 1538 305 1591 nulla
322 1541 414 1590 movet
432 1540 527 1590 tantae
545 1535 657 1604 pietatis
675 1536 772 1603 imago,
949 1553 985 1592 lot

136 1616 178 1667 At
196 1630 301 1666 ramum
319 1612 515 1681 huno—aperit
532 1628 646 1678 ramum,
664 1613 710 1682 qui
728 1616 805 1666 reste
822 1614 964 1670 latebat—

136 1690 305 1757 Adgnoscas.
342 1689 458 1742 Tumida
475 1705 509 1742 ex
527 1689 568 1742 ira
586 1692 644 1742 tum
664 1689 748 1742 eorda
765 1691 896 1745 residunt.

136 1766 196 1820 Nee
213 1766 293 1834 plura
308 1765 357 1819 his.
394 1765 446 1818 Ille
465 1765 603 1818 admirans
621 1765 777 1818 venerabile
795 1767 896 1819 donum

136 1842 241 1895 Fatalis
259 1841 359 1908 virgae,
377 1841 457 1908 longo
474 1843 537 1909 post
554 1844 681 1910 tempore
699 1842 792 1908 visuni,

135 1918 296 1971 Caeruleam
314 1916 436 1970 advertit
453 1916 573 1985 puppim,
592 1917 721 1985 ripaeque
739 1919 913 1986 propinquat.
949 1932 985 1970 uo

136 1993 208 2047 Inde
226 1992 293 2046 alias
311 1993 420 2056 animas,
440 2007 511 2060 quae
529 2008 579 2060 per
596 1993 660 2060 iuga
677 1993 759 2061 longa
777 1993 918 2061 sedebant,

135 2068 281 2136 Deturbat,
299 2068 428 2136 laxatque
440 2069 527 2128 foros;
545 2069 624 2122 simul
643 2069 741 2137 accipit
759 2069 835 2122 alveo

136 2147 283 2213 Ingentem
303 2146 422 2198 Aenean.
459 2144 571 2198 Gemuit
589 2144 640 2196 sub
658 2145 779 2212 pondero
797 2145 892 2212 cymba

135 2221 237 2286 Sutilis,
256 2224 285 2274 et
302 2221 416 2274 multam
435 2222 540 2288 accepit
558 2221 658 2272 rimosa
677 2219 811 2288 paludem.

134 2297 257 2351 Tandem
275 2295 480 2350 transfluvium
498 2297 638 2349 incolumis
657 2301 802 2362 vatemque
820 2303 962 2366 virumque

136 2373 252 2427 lniormi
270 2373 335 2425 limo
352 2373 502 2441 glaucaque
521 2372 633 2441 exponit
651 2373 678 2426 in
697 2373 766 2426 ullu.

172 2449 307 2503 Cerberus
324 2447 391 2503 haec
409 2450 505 2516 ingens
522 2449 626 2502 latratu
643 2465 728 2516 regna
747 2451 853 2503 trifimci

136 2527 277 2590 Personat,
296 2525 410 2578 adverso
429 2525 562 2578 recubans
579 2526 695 2578 inmanis
712 2527 738 2577 in
757 2533 842 2579 alitro.

135 2601 187 2657 Cui
205 2605 288 2665 rates,
306 2601 418 2656 homere
436 2601 530 2655 videns
548 2603 601 2654 iani
620 2602 688 2655 colla
706 2603 829 2666 colubris,

134 2678 220 2732 Melle
239 2680 392 2746 soporatam
411 2681 440 2730 et
458 2678 601 2730 medicatis
619 2678 744 2746 frugibus
762 2679 842 2731 offam
947 2693 983 2732 iao

135 2754 245 2808 Obiicit.
282 2753 333 2807 Ille
352 2754 422 2807 fania
440 2754 537 2807 rabida
554 2755 609 2807 tria
626 2759 740 2822 guttura
758 2755 879 2822 pandens

134 2830 257 2900 Corripit
274 2831 415 2895 obiectam,
434 2836 518 2898 atquo
535 2831 655 2884 inmania
672 2837 751 2899 terga
769 2830 881 2884 resolvit

134 2908 225 2961 Fusus
243 2907 326 2973 humi,
345 2910 459 2976 totoque
476 2908 571 2975 ingens
589 2907 748 2961 extenditur
765 2909 852 2958 antro.

134 2983 259 3051 Occupat
278 2984 387 3038 Aeneas
405 2984 510 3036 aditum
528 2984 642 3038 custode
660 2983 776 3051 sepulto,

134 3059 290 3127 Evaditquo
308 3060 381 3113 celer
399 3060 486 3128 ripam
504 3059 685 3112 inremeabilis
703 3057 799 3110 undae.
946 3068 982 3110 ⁴2⁸

170 3135 306 3189 Continuo
324 3136 435 3188 auditae
452 3153 531 3188 voces
550 3136 657 3202 vagitus
675 3139 704 3187 et
722 3134 817 3199 ingens

135 3210 332 3278 infantumque
350 3211 456 3263 animae
476 3211 572 3263 flentes
589 3211 617 3261 in
635 3207 727 3260 limine
745 3207 841 3274 primo,
