2174 3502
103 153 149 204 na
321 208 323 213 ,
343 149 373 198 Ρ.
391 149 544 199 venenu
562 149 726 200 nxnonrs

102 223 187 301 Isque
205 230 248 284 his
267 232 381 284 Aenean
400 230 503 283 solatus
521 229 632 283 vocibus
649 231 724 284 infit:

101 307 175 361 Nate
193 307 253 372 dea,
272 323 327 376 quo
345 307 403 360 iata
421 306 535 360 trahunt
553 307 761 376 retrahuntque
780 325 947 378 aequamen

102 383 242 452 Quidquid
256 383 317 450 erit,
329 382 483 451 superanda
495 384 583 437 omnis
594 384 704 438 fortuna
717 385 830 439 ferendo
842 391 893 441 est.
919 403 960 443 πο

101 459 152 514 Est
170 460 220 513 tibi
240 459 394 512 Dardanius
413 459 521 513 divinae
539 461 633 530 stirpis
652 461 781 514 Acestes:

102 537 184 590 Hunc
201 551 267 604 cape
285 534 402 589 consiliis
421 536 522 588 socium
541 539 571 589 et
588 536 721 604 coniunge
738 537 891 604 volentem3

102 613 174 666 Huic
192 611 281 679 trade,
298 611 405 664 amissis
423 616 554 679 superant
573 613 621 680 qui
638 612 760 679 navibus,
778 617 807 667 et
825 631 895 683 quos

102 689 261 743 Pertaesum
279 688 371 756 nragni
389 688 492 756 incepti
510 705 658 756 rerumque
677 692 787 742 tuarum
806 694 864 757 est;

102 765 314 834 Longaevosque
333 781 411 817 senes
429 780 460 817 ae
478 763 564 818 fessas
582 781 701 833 aequore
720 770 830 832 nuatres,
918 783 958 824 ⁷15

94 830 136 894 ‘nt
154 841 290 910 quidquid
309 845 400 894 tecum
418 841 565 894 invalidum
584 845 765 910 metuensque
782 833 876 910 pericli
894 847 948 913 est,

101 916 204 985 Delige
224 921 252 971 et
270 917 313 969 his
330 917 450 970 babeant
468 918 551 970 terris
569 917 627 970 sine
646 918 754 970 moenia
769 918 850 984 icssi;

100 993 205 1048 Urbem
223 993 400 1064 appellabunt
417 994 550 1061 permisso
568 994 676 1047 nomine
695 995 834 1049 Acestam.

134 1070 245 1124 Talibus
261 1069 386 1122 incensus
403 1068 485 1123 dictis
503 1071 618 1123 senioris
636 1071 723 1137 amici,

99 1146 168 1200 Tum
186 1162 250 1199 vero
267 1146 299 1213 iu¹
313 1162 392 1201 curas
410 1146 499 1199 animo
518 1146 658 1199 diducitur
676 1146 771 1200 omnis
917 1161 957 1202 aaa

99 1222 136 1276 Et
154 1223 217 1276 Nox
235 1227 295 1276 atra
312 1222 405 1290 polum
424 1220 495 1290 bigis
514 1221 644 1276 subvecta
662 1222 789 1276 tcuebat:

99 1297 166 1352 Visa
183 1299 280 1352 dehinc
297 1298 372 1351 eaelo
391 1298 473 1352 iacies
492 1298 605 1368 delapsa
622 1299 746 1366 parentis

99 1375 237 1428 Anchisae
255 1374 346 1427 subito
364 1374 427 1426 talis
445 1373 587 1428 effundere
605 1391 697 1428 voces:

98 1449 178 1518 Nate,
197 1451 264 1505 mibi
281 1451 339 1503 vita
356 1450 502 1518 quondam,
521 1449 587 1503 dum
605 1451 662 1503 vita
680 1450 815 1516 urauebat,

98 1527 168 1580 (lare
186 1527 279 1594 magis,
297 1531 370 1593 nate,
389 1526 482 1579 Iliacis
499 1527 620 1580 exercite
637 1527 708 1592 fatis,
759 1572 765 1584 ,
915 1541 957 1582 rra

99 1602 210 1671 inperio
228 1603 302 1655 lovis
319 1602 372 1655 huc
390 1602 476 1668 venio,
496 1602 543 1670 qui
561 1601 691 1655 classibus
709 1602 800 1669 ignem

98 1678 218 1747 Depulit‚
237 1682 265 1732 et
283 1677 357 1731 caclo
375 1676 487 1731 tandem
506 1678 652 1731 miseratus
670 1676 705 1730 ab
723 1678 779 1730 alto
797 1681 846 1731 cst.

98 1755 223 1808 Consiliis
240 1770 314 1822 parc,
334 1769 404 1821 quae
423 1769 493 1806 nunc
511 1752 694 1822 pulcherrima
712 1752 817 1806 Nautes

97 1830 153 1884 Dat
171 1831 274 1895 senior;
293 1830 378 1883 lectos
396 1829 516 1897 iuvenes,
533 1830 682 1884 fortissima
699 1830 789 1892 corda,

97 1906 182 1961 Deler
199 1908 227 1960 in
248 1907 371 1971 ltaliam3
392 1922 460 1973 gons
478 1905 547 1958 dura
565 1910 650 1974 atque
667 1921 765 1973 aspera
782 1905 859 1958 cultu
915 1921 955 1962 7³⁰

97 1982 267 2036 Debellanda
284 1982 335 2036 tibi
353 1983 433 2036 Latio
452 1984 502 2035 est.
538 1981 610 2034 Ditis
628 1985 720 2044 tamen
738 1985 802 2034 anta

98 2057 221 2112 Infernas
239 2059 338 2112 accede
357 2060 459 2126 domos,
479 2062 507 2111 et
527 2059 638 2110 Averna
655 2073 705 2125 per
723 2057 779 2109 alta

97 2135 263 2204 congressus
281 2139 352 2204 pete,
370 2139 442 2201 nate,
461 2151 542 2188 meos.
587 2134 612 2186 N
615 2150 649 2186 ou
667 2149 710 2186 me
728 2132 813 2200 impia
831 2150 952 2202 uarnque

96 2211 209 2264 Tartara
226 2212 328 2265 habent
346 2211 475 2265 tristesve
493 2209 615 2277 umbrae,
633 2209 683 2262 sed
700 2225 813 2262 amoena
831 2210 942 2278 piorum

96 2288 216 2341 Concilio
235 2287 409 2355 Elysiumque
427 2287 492 2340 colo.
530 2287 593 2340 Huc
611 2289 687 2340 easta
706 2284 808 2353 Sibylla
913 2301 952 2340 rec

96 2363 242 2431 Nigrorum
260 2362 347 2415 multo
365 2363 500 2430 pecudum
519 2367 549 2416 te
568 2363 700 2430 sanguine
719 2361 809 2414 ducet.

95 2439 164 2492 Tum
177 2455 263 2506 genus
279 2453 358 2491 omne
374 2443 460 2503 tuum,
475 2443 590 2507 atquae
606 2437 707 2492 dentur
721 2436 834 2504 moenia,
849 2437 951 2492 disces.

96 2515 210 2583 Iamque
229 2515 303 2580 vale;
324 2518 437 2582 torquet
456 2515 559 2567 modios
579 2514 641 2567 Nox
659 2512 772 2566 hurnida
790 2529 893 2581 cursus,

95 2590 132 2643 nt
149 2608 192 2644 me
211 2608 306 2645 saevus
324 2591 402 2659 equis
421 2590 519 2644 Oriens
537 2589 651 2643 adflavit
668 2588 779 2643 anhelis.

95 2666 216 2734 Dixerat,
235 2672 263 2721 et
281 2669 373 2721 tenuis
390 2667 470 2734 fugit,
488 2683 539 2720 eeu
556 2667 655 2732 fumus,
674 2666 701 2718 in
720 2682 807 2726 auras.
911 2680 951 2721 tle

94 2743 210 2806 Aeneas,
230 2744 289 2807 Quo
307 2743 409 2797 deinde
426 2743 501 2796 ruisl
524 2759 578 2812 quo
596 2742 730 2811 preripisl
751 2741 849 2809 inquit,

94 2817 182 2880 Quem
198 2820 288 2886 fugisl
308 2823 356 2871 aut
375 2819 483 2886 quista
501 2819 602 2872 uostris
620 2817 797 2886 conplexibus
815 2819 908 2872 arcetl

94 2894 171 2948 Haec
188 2912 342 2948 memorans
359 2896 479 2949 cinerem
497 2900 526 2949 et
545 2896 647 2964 sopitos
667 2896 780 2948 suscitat
797 2894 878 2962 ignis,

94 2969 327 3040 Pergameumque
346 2972 446 3024 Larem
463 2975 493 3024 et
510 2988 592 3026 canae
610 2972 761 3040 penetralia
779 2971 882 3024 Vestae

94 3044 178 3098 Farrc
196 3046 240 3113 pio
259 3050 288 3100 et
305 3047 386 3114 plena
403 3046 519 3114 supplex
538 3050 684 3100 veneratur
702 3064 803 3100 acerra
910 3061 947 3102 aas

129 3120 273 3188 Extemplo
290 3121 377 3174 socios
393 3122 566 3189 primumque
584 3124 698 3176 arcessit
718 3127 847 3190 Acesten,

93 3192 130 3244 Et
150 3194 222 3245 Iovis
239 3195 373 3262 inperium
392 3200 421 3248 et
439 3197 492 3248 cari
513 3203 659 3264 praccepta
678 3199 802 3264 parentis
