2152 3506
399 135 581 185 AENEIDOS.
598 136 667 184 LIB.
684 134 706 182 1.
948 141 979 188 85

123 217 197 270 Saxa
214 219 313 269 vocant
332 214 397 268 Itali
416 215 514 268 mediis
533 233 604 284 quoe
623 216 651 269 in
670 217 797 272 fluctibus
816 219 924 273 Ams-
1071 277 1072 282 χ

123 291 241 344 Dorsum
259 290 368 344 inmane
386 291 454 343 meri
474 308 594 357 summo;
615 293 666 346 tris
685 294 774 348 Eurus
792 295 827 350 ab
845 297 901 350 ulte
944 308 980 350 ue

122 367 156 419 In
175 366 268 419 brevia
288 370 316 419 et
335 367 421 434 Syrtis
440 371 547 434 urguet,
565 369 721 422 miserabile
740 371 808 438 visu,

123 442 279 511 Inliditquc
298 443 374 495 vedis
393 446 476 511 etque
495 461 595 512 aggere
614 445 698 512 cingit
717 464 824 502 arenae.

123 518 223 586 Unam,
243 536 314 588 quae
333 519 429 587 Lycios
448 521 588 589 fidumque
607 522 725 576 vehebat
744 524 873 592 Oronten,

122 595 213 664 Ipsius
232 598 295 648 ante
315 596 406 650 oculos
424 597 520 663 ingens
538 615 554 649 e
574 598 675 650 vertice
693 604 793 667 pontus

123 673 156 724 ln
174 672 287 741 puppim
306 673 383 725 serit:
407 673 546 726 excutitur
565 690 722 742 pronusque
741 676 871 743 magister
942 691 977 730 ηε

122 748 249 802 Volvitur
266 750 294 802 in
314 753 409 816 caput;
430 753 473 801 est
492 749 564 801 illem
584 754 628 802 ter
647 749 745 804 fluctus
763 750 863 804 ibidem

123 824 243 893 Torquet
255 843 338 892 agens
351 826 459 891 circum,
474 831 503 878 et
515 826 627 893 rapidus
640 830 718 880 vorat
729 843 848 896 aequore
860 833 964 882 vertex.

72 901 268 970 ›vndparent
287 901 341 954 reri
361 905 459 955 nentes
477 902 505 955 in
524 904 633 970 gurgite
652 907 735 970 vesto,

122 981 209 1032 Arme
227 982 321 1045 virum,
342 978 514 1046 tabulaeque,
533 983 562 1033 et
580 978 660 1033 Troia
678 997 745 1048 gem
762 997 812 1048 per
831 981 923 1035 undas.

122 1050 181 1108 Iem
200 1054 316 1108 validam
338 1054 433 1107 Ilionei
453 1072 557 1122 noveni,
577 1056 631 1110 iem
649 1057 728 1109 fortis
747 1057 878 1123 Achatae,
941 1072 977 1111 ise

121 1130 156 1183 Et
176 1148 230 1200 que
248 1135 340 1184 vectus
361 1131 445 1196 Abas,
466 1135 494 1184 et
513 1148 567 1200 qua
585 1133 756 1200 grandaevus
775 1133 879 1200 Aletes,

121 1207 195 1260 Vicit
215 1206 335 1274 liiemps3
353 1206 423 1260 laxis
442 1208 559 1260 luterum
579 1208 743 1276 conpagibus
762 1225 853 1262 omncs

121 1283 269 1352 Accipiunt
287 1284 426 1337 inimicum
444 1283 568 1351 imbrem,
588 1285 718 1352 rimisque
736 1285 871 1338 fatiscunt.

155 1360 267 1413 Interea
285 1376 384 1427 magno
402 1359 509 1412 misceri
528 1376 669 1412 murmuro
687 1363 808 1429 pentum,

120 1436 309 1505 Enrissemque
328 1435 444 1489 hiemem
464 1437 548 1489 sensit
569 1436 714 1503 Neptunus
734 1442 762 1489 et
780 1435 842 1489 iniis
938 1450 974 1490 125

119 1513 222 1579 Stagna
240 1513 333 1565 refusa
352 1512 437 1579 vadis,
456 1512 576 1578 gqraviter
595 1517 758 1565 commotus:
778 1516 807 1564 et
825 1513 880 1566 elio

120 1589 297 1657 Prospiciens,
317 1606 422 1641 summa
441 1589 577 1655 placidum
597 1593 679 1656 ceput
698 1588 797 1642 extulit
815 1588 895 1642 undu.

120 1663 268 1718 Disiectam
289 1667 400 1717 Aeneae
419 1670 479 1722 toto
498 1664 573 1718 videt
592 1681 710 1732 aequore
729 1665 851 1728 classem,

119 1741 261 1794 Fluctibus
281 1756 424 1809 oppressos
443 1739 527 1794 Troes
545 1742 669 1810 eeclique
689 1741 773 1808 urina,

118 1818 176 1871 Nec
194 1813 299 1871 latuere
318 1817 373 1870 doli
391 1817 505 1869 fratrem
526 1817 638 1870 lunonis
657 1823 686 1872 ct
704 1819 766 1870 irae.
938 1833 973 1871 ise

118 1893 270 1947 Εἰηυᾟῖιῖ]
283 1911 312 1947 se
325 1894 533 1962 Zephyrumque
546 1900 632 1961 vocet,
645 1894 745 1947 dehinc
757 1895 823 1946 talia
834 1894 922 1948 futur:

152 1971 273 2024 'lantone
291 1987 338 2023 ros
357 1970 463 2037 generis
482 1971 572 2024 tenuit
590 1971 690 2023 fiducie
708 1971 808 2024 vestril

120 2047 177 2099 lein
197 2047 301 2100 caelum
320 2051 477 2116 terramque
496 2062 556 2099 meo
575 2045 633 2098 sine
653 2046 769 2111 numine,
789 2045 881 2112 Venti,

119 2121 241 2186 Miscere,
261 2128 290 2176 et
308 2127 400 2176 tantas
419 2122 529 2176 audetis
546 2121 643 2175 tollere
662 2121 764 2175 molest

118 2199 190 2262 Quos
204 2205 303 2268 ego—l
330 2200 385 2253 Sed
398 2203 486 2258 motos
499 2201 623 2267 praestet
635 2215 787 2266 conponere
800 2199 970 2266 fluctQme

117 2275 183 2328 Post
203 2276 268 2328 mihi
286 2293 340 2328 non
359 2275 440 2328 simili
458 2291 546 2343 poene
564 2275 707 2328 commisse
721 2275 812 2328 luetis.

118 2352 257 2406 Maturate
275 2351 376 2419 fugem,
397 2352 510 2420 regique
528 2351 595 2404 hacc
614 2350 697 2404 dicite
716 2356 817 2405 vestro:

116 2428 178 2480 Non
197 2429 236 2480 illi
254 2428 389 2496 inperium
408 2428 498 2497 pelugi
518 2444 682 2494 saevumque
701 2428 858 2496 tridentem,

116 2505 171 2557 Sed
189 2505 256 2557 mihi
276 2508 349 2558 sorte
369 2504 472 2558 datum.
510 2505 596 2557 Tenet
615 2504 660 2557 illo
679 2505 796 2557 inmania
814 2521 887 2571 saxa,

118 2581 238 2648 Vestras,
260 2581 339 2649 Eure,
359 2581 469 2645 doinos;
488 2581 534 2633 illa
553 2597 582 2634 so
600 2580 686 2633 iactet
705 2581 732 2632 in
750 2581 812 2632 aule
934 2594 969 2632 ue

120 2657 224 2722 Aeolus,
243 2662 271 2712 et
290 2658 381 2711 clauso
399 2662 543 2711 ventorum
561 2673 669 2709 earcere
688 2661 791 2724 regnet.

150 2734 193 2787 Sic
211 2735 257 2800 eit,
277 2738 306 2788 et
325 2735 398 2788 dicto
417 2735 496 2788 citius
515 2732 621 2786 tumide
640 2749 758 2800 aequore
776 2734 873 2802 placet,

116 2811 305 2880 Colloctasque
323 2813 401 2879 fuget
419 2811 504 2864 nubes
524 2810 663 2878 solemque
682 2809 796 2862 reducit.

116 2888 265 2956 Cymothoe
284 2889 363 2942 simul
382 2893 410 2942 et
429 2889 524 2941 Triton
544 2886 661 2940 adnixus
680 2891 760 2938 ecnte

117 2964 274 3018 iletrudunt
293 2964 368 3016 nuris
387 2964 510 3032 scopule;
529 2963 602 3016 levet
620 2964 678 3031 ipsc
698 2961 829 3028 tridenti,
933 2975 967 3015 ile

117 3040 151 3095 Et
169 3044 261 3095 vectas
280 3041 369 3109 aperit
388 3041 481 3108 Syrtis,
501 3043 529 3092 ct
548 3042 685 3107 temperet
704 3054 814 3105 aequor,

116 3120 210 3186 Atque
227 3117 297 3170 rotis
316 3133 434 3170 summes
451 3114 557 3169 levibus
575 3115 727 3183 perlabitur
744 3112 836 3165 undas

119 3195 158 3246 tc
175 3193 261 3247 relnti
280 3209 378 3258 magno
395 3193 422 3246 in
440 3191 541 3262 populo
559 3207 620 3248 enm
640 3205 720 3258 saepe
738 3193 830 3242 coortu
847 3191 889 3244 est
