2152 3506
362 144 543 205 nuumnos
562 155 631 205 ura.
650 154 674 205 1.
914 153 944 200 se

82 238 141 292 His
163 254 276 292 aceensa
294 238 506 304 superiactatos
525 253 644 305 aequore
661 236 721 288 toto

81 315 181 383 Troas,
199 315 327 382 reliquias
347 313 470 366 Danaum
489 317 573 380 atque
592 313 695 366 inmitis
714 311 821 380 Achilli,
920 319 946 363 30

84 392 214 446 Arcobat
232 391 312 456 longe
333 389 418 456 Latio,
438 390 593 458 multosque
610 406 661 457 per
680 405 763 442 anuos

84 467 234 530 Errabant,
253 466 306 518 acti
324 466 396 533 fatis,
414 466 500 518 maria
519 467 608 518 omnia
626 466 733 518 circiun.

84 543 193 597 Tantae
211 543 289 596 molis
307 546 367 596 erat
388 543 538 594 Romanam
558 541 676 594 condere
694 545 811 608 gentem.

123 621 180 672 Vix
199 637 214 672 e
233 623 378 687 conspectu
398 617 503 671 Siculae
522 617 629 670 telluris
646 618 674 668 iu
692 617 777 670 altum

86 699 162 752 Vela
180 696 284 749 dabant
302 695 374 762 laeti,
394 699 424 748 et
442 709 551 763 spumas
571 694 633 746 salis
652 709 715 746 aere
733 693 856 760 ruebant,
921 706 944 745 aa

44 781 62 826 l
87 775 160 838 Cum
180 774 255 838 Iuno,
274 776 418 826 aeternum
438 787 548 824 servans
568 770 618 823 sub
636 773 747 838 pectore
765 769 866 836 volnus,

52 859 76 903 2
88 851 169 904 Haec
188 867 292 904 secum:
313 849 395 902 Mene
412 848 521 916 incepto
542 847 675 901 desistere
693 847 799 914 rictam,

90 926 150 983 llee
168 943 248 996 posse
268 926 350 979 ltalia
369 925 533 978 Teucrorum
553 926 678 976 avertere
696 926 806 990 regem?

90 1004 198 1072 Quippe
216 1007 294 1056 vetor
312 1003 383 1056 fatis,
423 1001 546 1054 Pallasne
567 1017 681 1053 exurere
700 1000 811 1052 classem
1032 1058 1034 1062 ,

91 1082 226 1148 Argivom
244 1083 327 1148 atque
345 1080 417 1147 ipsos
435 1077 524 1146 potuit
544 1077 718 1144 submergere
736 1080 827 1143 ponto,
921 1087 946 1128 40

90 1158 180 1211 Unius
198 1156 233 1209 ob
251 1173 349 1208 noxam
369 1159 397 1207 et
416 1155 498 1207 furias
519 1153 611 1206 Aiacis
631 1153 715 1205 Oilei?

91 1235 167 1303 Ipsa·
186 1234 257 1286 lovis
275 1233 401 1301 rapidmn
419 1231 535 1284 iaculata
553 1247 568 1282 e
587 1228 702 1281 nubibus
720 1229 817 1296 ignem,

92 1311 261 1379 Disieeitque
279 1313 353 1362 rates
373 1308 528 1375 evertitque
547 1322 665 1374 aequora
682 1305 776 1368 ventis

59 1387 175 1442 &Illum
194 1389 377 1455 exspirantem
396 1385 529 1438 transfixo
548 1385 660 1451 pectore
679 1381 800 1432 ilarnmas

92 1464 211 1518 Turbine
230 1464 359 1531 corripuit
378 1462 543 1530 scopuloque
561 1459 651 1511 infixit
670 1460 765 1521 aeut03
920 1469 945 1506 ce

94 1543 148 1595 Ast
167 1558 225 1609 ego,
245 1558 314 1609 quac
333 1539 423 1593 divom
441 1536 537 1591 incedo
557 1537 657 1603 regina,
677 1534 802 1600 Iovisque

94 1618 130 1672 lllt
148 1635 224 1671 seror
242 1621 270 1670 et
289 1618 409 1684 coniunx,
429 1632 482 1667 una
502 1631 562 1666 eum
581 1614 663 1680 gente
683 1613 725 1662 tot
744 1625 826 1662 annos

95 1695 172 1748 Bella
189 1713 262 1764 gero.
300 1694 336 1746 Et
355 1695 496 1761 quisquam
515 1706 615 1742 numen
636 1688 745 1739 lunonis
763 1687 860 1738 adorat

95 1772 249 1839 Praeterea,
268 1775 316 1825 aut
335 1769 449 1838 supplex
468 1769 521 1821 aris
539 1765 644 1834 inponit
662 1763 807 1816 honoreml

129 1850 203 1904 Talia
221 1850 358 1902 flammato
378 1864 468 1900 seeum
487 1845 538 1896 dea
556 1842 638 1895 eorde
657 1842 781 1894 volutans
924 1851 947 1888 eo

10 1929 13 1938 ’
96 1927 257 1980 Nimborum
272 1926 300 1977 in
318 1924 441 1992 patriam,
460 1922 518 1974 loca
536 1920 593 1972 feta
612 1917 765 1971 furentibus
783 1915 890 1978 austris,

99 2004 219 2056 Aeoliam
238 2002 320 2056 venit.
358 2001 411 2053 Hic
429 2002 506 2052 vasto
524 2014 573 2049 rex
594 1995 697 2048 Aeolus
715 1997 793 2045 antro

69 2079 238 2150 eluctantis
258 2082 353 2132 ventos
371 2077 606 2143 tempestatesque
625 2087 733 2123 sonoras

99 2157 207 2225 Inperio
224 2155 326 2224 premit
344 2171 375 2208 ac
393 2151 486 2205 vinclis
505 2153 535 2202 et
552 2164 660 2202 carcere
679 2147 774 2198 frenat.

72 2233 142 2290 silli
158 2232 331 2300 indignantes
349 2247 448 2297 magno
466 2244 527 2281 omn
545 2241 684 2278 murmure
702 2223 801 2275 montis
924 2237 948 2274 55

99 2311 204 2364 Circum
222 2311 339 2362 claustra
357 2307 492 2370 fremunt;
510 2303 582 2357 celsa
600 2301 679 2354 sedet
698 2299 801 2352 Aeolus
818 2314 879 2351 arce

100 2387 210 2457 Sceptra
229 2391 333 2452 tenens,
351 2384 493 2452 mollitque
511 2381 614 2434 animos
633 2381 662 2430 et
679 2377 816 2443 temperat
833 2375 901 2440 iras3

100 2464 134 2516 Ni
150 2465 240 2530 faeiat,
258 2464 343 2516 maria
362 2479 392 2514 ae
410 2464 498 2513 terras
514 2457 672 2523 caelumque
691 2451 856 2522 profundum

101 2542 205 2610 Quippe
223 2541 313 2594 lerant
331 2539 418 2607 rapidi
437 2553 528 2590 secum
547 2535 711 2598 verrantque
729 2546 779 2597 per
796 2544 885 2580 auras.

102 2618 153 2672 Sed
169 2623 249 2688 pater
268 2618 438 2684 omnipotens
458 2613 589 2680 speluncis
608 2607 715 2662 abdidit
733 2605 808 2671 atris,
925 2615 949 2653 ee

16 2747 18 2750 .
103 2695 160 2748 lloc
177 2699 310 2760 metuens,
327 2694 481 2760 molemque
500 2692 528 2742 ct
546 2687 648 2742 mentis
665 2685 776 2751 insuper
794 2679 863 2733 altos

103 2771 231 2841 Inposuit,
250 2788 398 2840 regemque
417 2767 503 2835 dedit,
521 2766 567 2835 qui
584 2763 695 2816 foedere
713 2762 788 2813 certo

102 2844 137 2902 Et
152 2867 278 2919 premere
297 2851 326 2902 et
343 2849 419 2901 laxas
439 2847 520 2900 sciret
537 2841 603 2895 dare
621 2841 710 2893 iussus
727 2834 852 2888 habenas.

79 2924 148 2979 tle
165 2945 246 2995 quem
264 2930 323 2980 tum
342 2925 411 2978 Iuno
429 2921 543 2990 supplex
561 2919 603 2971 his
621 2914 730 2969 vocibus
747 2928 796 2964 usa
814 2905 872 2963 es‘t:

137 3005 301 3072 Aeole,uam
321 3020 356 3056 ue
364 3001 414 3055 tibi
423 3000 512 3052 divom
525 2999 605 3065 pater
617 2995 700 3061 atque
707 2989 846 3042 hominum
854 3001 903 3037 rex
926 2993 950 3034 a

104 3080 138 3136 Et
153 3021 370 3136 mulceredqe'dit
388 3077 486 3130 fluetus
505 3078 534 3127 et
551 3072 648 3124 tollere
666 3069 754 3132 rento,

106 3159 174 3215 Gens
191 3158 301 3212 inimica
318 3155 383 3208 mihi
403 3152 570 3221 Tyrrhenum
588 3147 699 3212 navigat
717 3156 825 3208 aequor,

110 3237 182 3290 Ilium
199 3235 229 3288 in
247 3233 357 3288 Italiam
374 3233 486 3299 portans
503 3227 645 3286 victosque
664 3218 789 3272 Penatis:
