2174 3502
48 1073 150 1121 f.

386 118 565 166 AENEIDOS
584 119 651 167 LlB.
672 119 752 166 VIII.
952 121 999 170 229

142 199 268 264 Lumina,
287 197 340 248 rite
358 197 430 247 cavis
448 196 549 248 undam
568 197 603 250 dc
622 196 731 250 flumine
749 197 846 265 palmis

141 274 277 338 Sustinet,
295 286 327 322 ac
344 270 407 323 tahs
426 271 539 324 offundIt
556 273 592 324 ad
610 273 722 326 aethera
739 289 830 326 voces:
970 289 994 331 ro

141 349 295 416 Nymphae,
308 347 459 400 Laurentes
471 348 620 415 Nymphae,
632 365 719 416 genus
731 349 855 402 amnibus
863 350 937 405 unde
946 358 996 420 est,

140 425 246 492 Tuque,
264 440 281 476 o
299 423 400 491 Thybri
419 428 465 476 tuo
483 425 592 490 genitor
609 442 671 478 eum
689 426 800 478 flumine
819 430 919 492 sancto,

140 500 271 569 Accipite
290 501 410 564 Aenean,
430 505 458 552 et
477 501 588 552 tandem
607 505 698 555 arcete
717 501 830 570 periclis.

141 577 203 641 Quo
222 580 385 643 tecumque
403 576 483 641 lacus,
503 577 679 631 miserantem
697 579 868 632 incommoda
886 584 987 648 nostra,

141 655 232 708 Fonte
250 655 334 716 tenet,
353 667 524 720 quocumque
542 653 598 706 solo
617 654 814 721 pulcherrimus
833 656 897 724 exis,
972 673 995 713 rs

141 730 259 797 Semper
276 729 378 781 honore
396 744 463 794 meo,
482 745 589 797 semper
607 729 780 784 celebrabere
799 731 884 800 donis,

142 806 276 872 Corniger
295 805 480 873 Hesperidum
499 804 610 858 Flavius
628 810 757 872 regnator
775 824 913 874 aquarum.

142 882 231 934 Adsis
249 898 266 934 o
284 884 391 934 tantum
410 885 438 934 et
456 881 567 949 propius
585 887 633 936 tua
651 884 762 936 numina
779 884 878 938 firmes

142 959 188 1012 Sic
207 961 347 1025 memorat,
365 957 542 1025 geminasque
559 959 626 1026 legit
644 959 679 1010 de
697 959 782 1012 classe
800 960 918 1028 biremis,

142 1034 325 1102 Remigioque
343 1037 435 1103 aptat;
454 1034 539 1086 socios
558 1035 636 1086 simul
655 1035 766 1089 instruIt
784 1038 872 1090 annis.
902 1051 908 1061 ·
971 1053 995 1091 so

233 1114 351 1164 cautem
366 1109 485 1163 subitum
497 1114 580 1178 atque
597 1109 680 1163 oeulis
695 1111 819 1165 mirabile
835 1116 994 1180 monstrum,

141 1187 269 1242 Candida
285 1205 335 1257 per
353 1187 445 1240 silvam
464 1204 525 1240 cum
543 1187 583 1240 fet
571 1191 604 1240 tu
619 1187 743 1240 concolor
761 1189 822 1241 albo

143 1263 293 1316 Procubuit
281 1260 473 1331 tviridique
466 1281 494 1316 ιιι
513 1263 593 1315 litore
612 1263 775 1330 conspicitur
793 1282 852 1318 sus:

141 1341 232 1404 Quam
249 1339 311 1409 pius
329 1341 439 1392 Aeneas
458 1339 507 1392 tibi
527 1340 605 1420 euim
625 1338 683 1403 tibi,
702 1355 829 1392 maxuma
847 1307 1086 1405 'luuchlceme

141 1417 257 1484 Mactata
277 1433 353 1470 sacra
370 1416 465 1482 ferens,
485 1421 513 1470 et
531 1435 591 1472 cum
610 1431 695 1482 grege
713 1415 786 1468 sistit
751 1415 840 1468 ttad
858 1433 939 1468 aram.
969 1432 994 1468 ss

141 1493 259 1561 Thybris
278 1509 310 1545 ea
327 1492 444 1558 fluvium,
463 1509 545 1561 quam
563 1493 657 1560 longa
662 1495 712 1559 est,
731 1494 811 1546 noete
829 1494 981 1546 tumentem

143 1570 243 1635 Leniit,
263 1572 291 1622 et
310 1569 392 1622 tacita
410 1533 527 1622 refluens
545 1569 584 1621 ila
604 1533 726 1622 substiItt
745 1569 826 1636 unda,

142 1645 223 1698 Mitis
240 1648 273 1698 ut
291 1646 318 1698 iu
337 1661 440 1698 morem
459 1645 546 1712 stagni
565 1643 742 1713 placidaeque
760 1646 868 1714 paludis

142 1721 287 1774 Sterneret
305 1737 406 1788 aequor
423 1721 507 1787 aquis,
525 1737 600 1774 remo
619 1724 650 1774 ut
667 1720 803 1774 luctamen
821 1722 936 1776 abesset.

142 1795 218 1864 Ergo
236 1797 290 1850 iter
308 1798 445 1864 inceptum
462 1797 583 1849 celerant
600 1813 709 1852 rumore
727 1798 851 1850 secundo.
976 1798 996 1835 u

142 1872 260 1925 LabItur
278 1877 359 1926 uncta
377 1872 453 1925 vadis
471 1872 559 1937 abies;
576 1873 709 1926 mirantur
726 1876 755 1926 et
773 1873 870 1938 undae,

142 1949 264 2000 Miratur
281 1965 376 2002 nemus
395 1949 529 2002 insuetum
548 1948 680 2016 fulgentia
697 1949 776 2016 longe

143 2024 227 2078 Scuta
245 2020 332 2078 virum
350 2025 431 2078 fluvio
456 2025 598 2092 pictasque
615 2025 709 2076 innare
726 2025 838 2076 carinas.

143 2099 199 2152 Olli
216 2101 329 2168 remIgio
347 2103 508 2167 noctemque
527 2099 654 2167 diemque
671 2099 795 2166 fatigant,

143 2176 181 2229 Et
200 2175 294 2242 longos
313 2180 442 2244 superant
459 2176 553 2243 flexus,
571 2175 707 2243 variisque
726 2177 856 2242 teguntur·
971 2191 996 2230 se

145 2251 307 2322 Arboribus,
324 2253 472 2320 viridisque
491 2255 583 2306 secant
601 2251 707 2319 placido
725 2267 843 2318 aequore
861 2251 947 2304 silvas.

144 2327 190 2382 Sol
208 2329 329 2381 medium
346 2328 413 2382 caeli
430 2329 626 2382 conscenderat
644 2328 739 2394 igneus
756 2327 857 2393 orbem,

144 2403 215 2457 Cum
234 2420 324 2456 muros
342 2420 487 2472 arcemque
504 2404 598 2471 procul
616 2421 647 2456 ac
666 2421 728 2457 rara
746 2403 887 2456 domorum

144 2479 230 2532 Tecta
247 2479 355 2544 vident3
374 2497 444 2548 quae
462 2497 534 2532 nunc
554 2479 676 2532 Romana
693 2480 817 2547 potentia
834 2479 909 2532 caelo

145 2556 300 2624 Aequavit;
318 2560 376 2610 tum
395 2573 439 2609 res
457 2556 551 2625 inopes
570 2555 713 2608 Euandrus
731 2554 856 2608 hahebat.
962 2567 997 2607 roo

146 2631 228 2684 Ocius
246 2629 393 2685 advertunt
410 2649 512 2700 proras,
531 2631 646 2700 urbique
664 2631 853 2698 propinquant.
869 2633 972 2702 3³41
998 2666 1004 2678 ·

181 2708 266 2762 Forte
283 2707 328 2761 die
346 2709 502 2762 sollemnem
521 2708 567 2761 illo
585 2725 635 2760 rex
655 2709 742 2760 Areas
760 2707 888 2760 honorem

146 2783 408 2854 Amphitryoniadae
426 2801 524 2852 magno
542 2785 665 2852 divisque
684 2783 789 2836 ferebat

146 2862 222 2913 Ante
240 2860 336 2914 urbem
353 2861 381 2914 in
399 2862 466 2914 luco.
504 2860 593 2913 Pallas
612 2859 673 2912 huie
691 2859 761 2912 filius
779 2875 839 2925 una,

145 2935 210 2990 Una
227 2953 320 2989 omnes
337 2937 463 2989 iuvenum
481 2936 562 3005 primi
579 2951 737 3004 pauperque
755 2937 866 2986 senatus
961 2942 996 2982 105

146 3011 220 3065 'Iura
237 3011 346 3072 dabant.
364 3012 527 3080 tepidusque
545 3029 625 3065 cruor
642 3009 764 3063 fumabat
782 3007 818 3059 ad
835 3021 903 3058 aras.

147 3087 188 3140 Ut
206 3089 290 3141 celsas
308 3087 402 3142 videre
419 3093 500 3154 rates,
519 3092 600 3155 atque
619 3087 691 3138 inter
708 3099 821 3152 opacum

149 3162 251 3216 Adlabi
269 3179 372 3229 namna,
389 3166 419 3216 et
436 3164 527 3216 tacitis
545 3159 699 3213 incumbere
717 3158 808 3210 remis
