2154 3518
331 717 362 766 P.
385 717 540 766 VERGILI
563 713 730 764 MARONIS

301 833 813 941 GEORGIOONl

367 1003 484 1058 ninus
510 1003 695 1069 Quassus.

482 1177 583 1207 ...Q-—

105 1319 249 1376 Pnoumus
267 1322 334 1376 aerii
353 1323 441 1376 mellis
460 1324 588 1376 caelestia
607 1323 678 1376 dona

105 1397 255 1465 llxscquar.
292 1398 371 1450 Hauc
389 1398 480 1464 etiam,
500 1397 651 1462 Maecenas,
670 1400 760 1467 aspice
779 1402 891 1466 partem

109 1472 282 1526 Admiranda
300 1471 351 1528 tibi
369 1473 469 1526 levium
488 1473 642 1542 spectacula
660 1491 752 1526 rerum

106 1548 353 1616 Magnanimosque
372 1549 456 1602 duces
474 1549 614 1616 totiusque
633 1549 728 1602 ordine
747 1551 838 1618 gentis

105 1624 197 1679 Mores
217 1629 246 1678 ot
265 1625 356 1678 studia
374 1629 402 1679 et
420 1626 532 1695 populos
552 1631 580 1680 et
598 1627 701 1695 proelia
721 1627 818 1680 dicam.
947 1644 960 1680 s

105 1701 138 1754 ln
156 1701 233 1755 tenui
253 1701 345 1767 labor;
367 1707 396 1756 at
415 1703 504 1756 tenuis
524 1720 577 1756 non
596 1703 690 1771 gloria,
710 1704 732 1755 si
751 1721 832 1772 quem

105 1776 225 1831 Numina
244 1777 320 1831 laeva
340 1779 431 1831 sinunt
450 1778 582 1845 auditque
602 1783 714 1832 vocatus
733 1781 839 1848 Apollo.

141 1853 276 1921 Principio
296 1853 375 1906 sedes
394 1853 490 1922 apibus
511 1855 648 1922 statioque
666 1857 793 1925 petenda,

106 1930 164 1994 Quo
183 1945 272 1997 neque
290 1930 326 1983 sit
345 1932 434 1984 ventis
454 1932 649 1997 aditus—nam
668 1933 768 2000 pabula
785 1936 858 1987 venti

105 2004 189 2059 Ferre
202 2007 313 2060 domum
327 2007 597 2076 prohibent-neque
611 2026 674 2062 oves
687 2009 821 2077 haedique
834 2011 934 2077 petulci

106 2081 229 2134 Floribus
248 2082 387 2148 insultent,
408 2088 455 2136 aut
475 2101 569 2136 errans
588 2085 686 2138 bucula
704 2103 798 2154 campo
937 2100 959 2138 11

106 2159 233 2212 Decutiat
252 2175 350 2225 rorem,
371 2163 399 2212 et
418 2160 554 2228 surgentis
574 2164 678 2214 atterat
695 2161 800 2215 herbas.

106 2233 205 2286 Absint
224 2238 252 2287 et
270 2235 337 2302 picti
357 2236 510 2304 squalentia
529 2241 608 2304 terga
626 2237 721 2291 lacerti

106 2311 255 2377 Pinguibus
274 2328 290 2364 a
309 2312 432 2380 stabulis
453 2331 642 2384 meropesque,
661 2315 784 2385 aliaeque
802 2317 933 2373 volucres

106 2388 141 2440 Et
161 2388 284 2441 manibus
305 2389 408 2442 Procne
428 2395 522 2459 pectus
542 2392 648 2458 signata
666 2394 799 2456 cruentis;
937 2407 960 2444 15

106 2464 203 2518 Omnia
221 2482 284 2517 nam
302 2466 357 2518 late
377 2471 493 2534 vastant,
514 2469 641 2537 ipsasque
661 2469 775 2522 volantis

106 2541 160 2594 Ore
178 2541 271 2594 ferunt
291 2542 397 2596 dulcem
418 2544 489 2596 nidis
508 2545 648 2598 inmitibus
668 2561 763 2598 escam.

107 2620 146 2671 At
164 2617 259 2686 liquidi
278 2620 367 2672 fontes
388 2626 416 2675 ct
436 2625 534 2688 stagna
552 2623 668 2675 virentia
685 2638 776 2674 musco

107 2696 214 2762 Adsint,
235 2701 263 2750 et
282 2699 371 2768 tenuis
390 2700 496 2767 fugiens
515 2716 565 2767 per
583 2699 705 2767 gramina
722 2699 803 2765 rivus,

108 2773 253 2841 Palmaque
275 2773 437 2830 vestibulum
457 2779 505 2830 aut
523 2777 619 2845 ingens
639 2776 755 2829 oleaster
773 2773 920 2838 inumbrat,

107 2848 152 2916 Ut,
171 2866 233 2902 cum
251 2850 340 2918 prima
358 2853 419 2905 novi
440 2852 541 2908 ducent
559 2853 684 2906 examina
701 2868 780 2919 reges
938 2861 961 2900 21

107 2926 179 2981 Vere
198 2943 253 2995 sno,
273 2926 404 2997 ludetque
423 2931 490 2983 lavis
509 2931 606 2984 emissa
624 2929 757 2994 iuventus,

107 3003 200 3058 Vicina
218 3005 315 3058 inritet
336 3006 470 3062 decedere
489 3009 549 3076 ripa
568 3007 656 3070 calori,

108 3081 248 3150 Obviaque
267 3082 390 3150 hospitiis
407 3087 499 3138 teneat
517 3083 708 3138 frondentibus
726 3079 813 3132 arbos.

110 3157 140 3212 Iu
159 3159 286 3222 meduan,
306 3175 354 3212 seu
373 3160 458 3215 stabit
475 3162 555 3226 iners,
576 3176 623 3212 seu
642 3159 760 3227 profluet
778 3155 882 3220 humor,
937 3165 962 3204 aa

109 3237 286 3291 transversas
304 3235 399 3288 salices
417 3241 446 3290 et
463 3236 578 3304 grandia
596 3235 697 3288 coniico
716 3249 788 3297 saxa,
