2172 3506
383 169 566 219 AENEIDOS
583 170 653 220 LIB.
672 171 723 220 XI.
931 177 977 224 305

126 253 240 320 Labore,
260 251 393 320 Nympha
411 251 482 320 polo,
499 251 616 320 finisque
633 249 720 306 invise
737 252 856 321 latinos,

125 329 224 382 Tristis
242 327 289 382 ubi
307 328 426 381 infausto
444 329 626 381 committitur
643 329 732 383 omine
749 345 849 398 pugna.

125 406 204 458 Haec
217 422 291 474 cape,
305 408 334 457 et
346 405 471 458 ultricem
483 405 614 472 pharetra
626 405 756 474 deprome
769 407 913 473 sagittam:
942 423 979 461 sao

126 481 194 548 Hac,
214 481 379 549 quicumque
397 497 502 533 sacram
521 481 629 534 violarit
647 481 756 535 volnere
775 498 881 550 corpus,
962 487 964 493 ’

125 557 193 610 Tros
213 557 342 623 ltalusve,
361 557 427 609 mihi
445 558 549 624 pariter
567 557 616 611 det
634 559 763 626 sanguine
782 575 889 626 poenas

128 633 193 687 Post
212 649 263 700 ego
280 633 352 685 nube
370 649 436 686 aava
453 633 623 687 miserandae
641 651 739 702 corpus
758 639 787 688 et
805 649 881 687 arma

128 708 277 777 inspoliata
295 709 380 762 feram
399 709 511 774 tumulo,
531 711 691 779 patriaeque
709 726 845 779 reponam.

126 785 220 849 Dixit3
239 788 268 838 at
286 784 332 838 illa
350 784 416 838 levis
434 785 501 838 caeli
520 785 631 852 delapsa
649 802 699 854 per
716 803 796 840 auras
943 801 979 838 aas

127 862 261 927 lnsonuit,
279 861 357 928 nigro
375 861 543 914 circumdata
561 861 671 916 turbine
689 879 794 932 corpus.

166 940 208 991 At
226 954 322 990 rnauus
340 937 446 991 interea
463 938 548 990 muris
567 938 681 992 Troiana
698 939 863 1008 propinquat

127 1013 291 1082 Etruscique
308 1013 392 1066 duces
410 1014 590 1083 equitumque
607 1015 744 1069 exercitus
762 1017 856 1080 omnis,

126 1090 268 1158 Conpositi
285 1106 398 1143 numero
415 1089 444 1142 in
461 1093 573 1143 turmas.
610 1091 715 1145 Fremit
734 1107 853 1160 aequore
871 1096 929 1146 toto

127 1165 267 1219 Insultans
285 1166 399 1234 sonipes,
418 1169 447 1219 et
464 1167 565 1234 pressis
583 1171 686 1234 pugnat
704 1167 818 1222 habenis
942 1183 978 1220 eoo

127 1242 191 1295 Huc
208 1241 338 1295 obuersus
357 1245 385 1295 et
402 1242 472 1307 huc;
488 1246 548 1295 tum
566 1243 622 1296 late
640 1244 744 1297 ferreus
763 1244 848 1297 hastis

127 1318 233 1371 Horret
250 1334 322 1386 ager,
342 1318 485 1387 campique
503 1319 586 1371 armis
605 1319 766 1373 sublimibus
784 1320 887 1373 ardent.

126 1393 257 1446 Necnon
276 1393 532 1463 Messapus'eontra
550 1395 706 1462 celeresque
725 1396 815 1448 Latini

127 1469 164 1522 Et
182 1486 242 1522 eum
260 1470 346 1523 fratre
366 1471 449 1523 Coras
468 1474 496 1523 et
514 1471 628 1538 virginis
646 1470 689 1523 ala
707 1471 836 1525 Camillae

126 1545 246 1599 Adversi
263 1561 359 1614 eampo
377 1546 517 1614 adparent,
535 1547 682 1616 hastasque
701 1547 822 1601 reductis
942 1562 979 1600 eos

127 1620 301 1676 Proteudunt
318 1622 399 1690 longe
418 1623 532 1687 dextris,
551 1626 579 1677 et
597 1623 699 1692 spicula
718 1623 840 1688 vibrant;

128 1696 327 1766 Adventusque
345 1699 434 1751 virum
451 1699 632 1766 fremitusque
650 1701 770 1753 ardescit
788 1716 926 1769 equorum.

129 1773 243 1841 Iamque
262 1774 335 1827 intra
352 1775 453 1828 iactum
471 1775 519 1828 teli
538 1792 698 1843 progressus
716 1780 833 1843 uterquc

128 1849 312 1904 Constiterat:
331 1851 422 1904 subito
435 1855 582 1920 erumpunt
601 1852 724 1916 clamore,
743 1853 914 1920 furentisque

129 1924 315 1979 Exhortantur
333 1943 433 1994 equos3
451 1928 570 1981 fundunt
588 1928 668 1981 simul
687 1927 808 1994 undique
826 1928 889 1996 tela,
943 1946 978 1982 on

128 2001 232 2055 Crebra
248 2002 319 2056 nivis
335 2003 399 2070 ritu,
418 2004 577 2072 caelumque
594 2004 736 2057 obtexitur
753 2004 856 2057 umbra

129 2076 262 2131 Continuo
279 2078 401 2132 adversa
420 2079 574 2147 Tyrrhenus
592 2085 621 2133 et
639 2097 701 2132 acer
720 2083 859 2134 Aconteus

129 2151 243 2208 Conuixi
261 2155 404 2210 incurrunt
421 2156 514 2220 hastis
532 2157 669 2226 primique
686 2157 791 2209 ruinam

129 2229 202 2283 Dant
220 2231 311 2284 sonitu
328 2232 439 2300 ingenti,
458 2234 649 2302 perfractaque
668 2232 926 2302 quadrupedantum

131 2306 244 2360 Pectora
260 2308 416 2374 pectoribus
433 2313 579 2377 rumpunt;
598 2325 726 2363 excussus
745 2311 884 2362 Aconteus
943 2327 979 2363 or,

130 2382 260 2436 Fulminis
278 2383 306 2436 in
324 2401 428 2437 moreni
446 2389 494 2438 aut
511 2388 648 2439 tormento
667 2385 795 2453 ponderis
812 2386 874 2452 acti,

131 2458 295 2528 Praecipitat
313 2458 399 2527 longe,
418 2464 447 2514 et
465 2462 549 2514 vitam
567 2462 701 2529 dispergit
718 2463 746 2514 iu
765 2477 852 2515 eruas.

129 2534 273 2602 Extemplo
291 2535 418 2590 turbatae
435 2537 514 2601 acies,
532 2538 658 2605 versique
676 2538 767 2591 Latini

129 2609 266 2663 Reiiciunt
284 2627 392 2678 parmas
410 2619 439 2664 ot
457 2629 541 2680 equos
563 2614 598 2665 ad
618 2614 723 2665 moenia
743 2615 862 2665 vertunt.

128 2685 211 2738 'lroes
229 2689 329 2754 aguut3
348 2687 473 2754 princeps
492 2693 597 2741 turmas
618 2689 723 2742 inducit
744 2688 842 2741 Asilas.
944 2701 968 2738 oz

130 2763 243 2830 lemque
261 2763 479 2831 propinquabant
500 2764 595 2832 portis,
613 2781 763 2832 rursusque
784 2764 875 2819 Latini

127 2837 280 2891 Clamorem
299 2839 405 2907 tollunt,
427 2843 456 2894 et
474 2840 565 2893 mollia
585 2840 653 2894 colla
672 2841 833 2894 reflectunt:

130 2913 165 2966 Hi
186 2914 302 2981 lugiunt,
324 2915 489 2984 penitusque
510 2915 582 2970 datis
601 2918 758 2970 referuntur
777 2915 896 2968 habenis.

126 2989 221 3052 Qualis
239 2988 287 3041 ubi
306 2990 410 3044 alterno
429 3009 591 3060 procurrens
612 2993 720 3060 gurgite
739 2996 839 3058 pontus
968 3057 970 3062 Δ

114 3064 207 3121 lNune
219 3065 276 3118 ruit
288 3065 324 3118 ad
335 3070 445 3131 terram,
460 3068 636 3136 scopulosque
649 3067 795 3134 superiacit
807 3065 881 3118 unda
942 3077 978 3118 aas

127 3141 270 3210 Spumeus,
289 3145 494 3210 extremamque
515 3143 575 3195 sinu
593 3142 734 3211 perfundit
753 3158 862 3195 arenam
873 3162 902 3208 a*

129 3217 209 3271 Nunc
228 3217 341 3287 rapidus
362 3223 437 3272 retro
456 3224 540 3287 atque
559 3222 637 3271 aestu
656 3218 780 3272 revoluta
800 3217 944 3272 resorbens
