2152 3506
414 185 489 232 AEN
494 185 598 234 ainos
616 187 684 235 LIB.
704 187 752 234 lV.
961 187 1007 235 145

151 264 206 318 Sed
225 264 292 318 fatis
310 263 415 317 incerta
432 263 512 330 feror,
531 265 555 318 si
574 265 703 334 Iuppiter
721 283 800 318 unam
974 281 1011 322 uo

151 341 219 394 Esse
237 340 307 394 velit
325 339 411 408 Tyriis
428 341 525 394 urbem
544 341 678 410 Troiaque
698 342 836 409 profectis,

151 416 299 470 blisceriue
317 416 414 484 probet
432 417 553 484 populos,
571 421 618 471 aut
636 419 747 472 foedera
765 418 846 486 iimgi.

150 493 191 545 Tu
209 493 343 557 coniunx;
360 491 411 545 tibi
429 493 469 546 fas
487 493 606 546 animum
625 498 761 562 temptare
779 494 922 562 precando.

151 568 255 636 Perge;
275 585 381 637 sequar.
418 567 486 622 Tum
505 570 543 623 sie
562 571 670 638 excepit
688 571 765 638 regia
784 570 866 624 Iuno:

150 644 262 697 Mecum
275 644 328 698 erit
340 643 393 697 iste
405 643 491 698 labor.
529 645 608 698 Nunc
627 663 681 714 qua
699 647 811 712 rationo,
824 647 898 716 quod
916 647 1008 708 instat

150 720 271 774 Gonfieri
289 721 381 788 possit,
399 721 500 789 paucis,
519 722 640 789 adverte,
660 723 769 776 docebo.
975 739 1010 776 uc

150 797 293 850 Venatum
312 797 422 850 Aeneas
440 813 549 866 unaque
568 799 720 852 miserrima
741 799 811 851 Dido

136 873 184 951 ‚In
203 889 301 926 nemus
319 873 359 926 ire
376 877 483 941 parant,
501 873 548 926 ubi
567 875 668 942 primos
686 875 821 927 crastinus
839 879 915 928 ortus

150 949 291 1002 Extulerit
310 948 390 1002 Titan
408 949 549 1018 radiisque
567 951 702 1004 retexerit
719 950 820 1004 orbam.

128 1024 205 1080 tHis
224 1043 277 1093 ego
295 1026 448 1094 nigrantem
467 1027 614 1081 commixta
631 1027 763 1097 grandine
782 1028 910 1092 nimbum,
979 1043 1011 1084 tao

149 1104 226 1156 Dum
245 1103 386 1172 trepidant
404 1104 470 1171 alae,
490 1104 630 1173 saltusque
648 1104 777 1172 indagine
796 1105 915 1172 cingunt,

149 1181 279 1249 Desuper
296 1179 445 1248 infundam,
465 1186 493 1234 et
512 1182 616 1234 tonitru
635 1182 739 1235 caelum
758 1199 836 1234 oniae
854 1181 938 1236 ciebo.

149 1256 305 1324 Diffugient
323 1257 435 1310 comites
454 1261 483 1310 et
501 1263 579 1311 nocte
597 1262 727 1325 tegentur
745 1275 841 1326 opaca:

149 1333 316 1400 Speluncam
335 1333 406 1386 Dido
426 1333 482 1386 dux
502 1338 530 1387 et
549 1334 679 1386 Troianus
700 1334 814 1386 eandem

149 1410 312 1463 Devenient.
351 1408 453 1474 Adero,
467 1421 502 1476 ct,
514 1422 563 1463 tua
575 1409 598 1461 si
610 1408 677 1460 mihi
689 1414 766 1462 certa
778 1410 909 1475 voluntas,

149 1485 294 1540 Gonnubio
310 1486 421 1553 iungam
440 1486 532 1540 stabili
548 1485 741 1554 propriamque
759 1485 861 1539 dicabo.

149 1562 207 1616 Hic
225 1561 390 1630 hymenaeus
408 1561 564 1615 erit—Non
582 1561 728 1615 adversata
746 1563 852 1630 petenti

149 1637 268 1705 Adnuit,
287 1641 371 1706 atque
390 1637 460 1690 dolis
478 1637 540 1690 risit
559 1637 695 1706 Cytherea
712 1640 836 1707 repertis.

190 1714 329 1767 Oceanum
346 1714 453 1767 interea
471 1731 584 1784 surgens
605 1715 716 1768 Aurora
733 1715 850 1784 reliquit.

150 1791 182 1844 It
201 1791 288 1858 portis
305 1790 401 1843 iubare
420 1793 515 1843 exorto
534 1790 641 1844 delecta
659 1791 799 1856 iuventus3

152 1867 237 1920 Retia
254 1883 324 1933 rara
343 1866 448 1934 plagae,
467 1865 523 1920 lato
542 1867 676 1921 venabula
694 1868 773 1928 ferro,

150 1942 320 2011 Massylique
337 1948 422 2000 ruunt
439 1944 547 2013 equites
565 1947 593 1997 et
612 1944 696 1997 odora
714 1961 810 1997 canum
829 1945 875 1998 vis.

151 2019 287 2087 Reginam
306 2019 424 2073 thalamo
443 2023 616 2074 cunctantem
634 2021 671 2073 ad
688 2019 782 2072 limina
800 2021 879 2088 primi

151 2095 306 2150 Poenorum
325 2100 493 2164 exspectant,
512 2101 642 2164 ostroque
661 2096 774 2163 insignis
793 2100 822 2149 et
840 2113 905 2149 auro

151 2173 215 2226 Stat
234 2173 342 2241 sonipes
360 2189 391 2225 ac
408 2173 487 2226 frena
504 2173 583 2226 ferox
601 2174 755 2241 spumantia
773 2171 886 2228 mandit.
973 2189 1009 2228 iss

151 2248 275 2302 'landem
293 2250 469 2318 progreditur
486 2266 585 2317 magna
604 2247 725 2318 stipante
743 2253 859 2316 caterva,

151 2324 292 2379 Sidoniam
310 2326 382 2393 picto
401 2325 571 2394 chlamydem
589 2325 756 2379 circumdata
774 2324 866 2378 limbo¹

152 2401 205 2456 dui
221 2402 352 2471 pharetra
371 2419 404 2454 cx
423 2417 496 2468 auro,
516 2401 604 2454 crines
622 2400 759 2454 nodantur
777 2401 804 2454 iu
822 2419 926 2468 aurum,

153 2481 248 2531 Aurea
266 2494 431 2547 purpuream
449 2477 589 2532 subnectit
607 2478 691 2532 fibula
710 2481 822 2534 vestem.

152 2553 178 2606 N
181 2571 212 2607 cc
230 2571 283 2607 non
302 2560 331 2608 et
350 2554 461 2624 Phrygii
478 2555 592 2608 comites
611 2559 639 2608 et
657 2554 745 2608 lactus
765 2555 841 2608 iulus
974 2569 1009 2608 ilo

152 2630 297 2685 Incedunt.
336 2631 400 2700 lpse
418 2635 483 2685 ante
502 2631 568 2684 alias
586 2630 785 2700 pulcherrimus
803 2632 888 2683 onmis

153 2705 243 2760 infert
262 2723 291 2759 so
310 2709 409 2761 socium
430 2710 538 2761 Aeneas
557 2711 640 2776 atquc
658 2707 767 2775 agmina
785 2707 879 2774 iungit.

124 2795 139 2824 v
153 2781 248 2846 Qualis
266 2783 312 2836 ubi
331 2784 473 2837 hibernam
492 2783 602 2853 Lyciam
620 2785 780 2853 Xanthique
798 2784 901 2836 fluenta

153 2859 265 2913 Deserit
283 2877 314 2912 ac
334 2861 433 2913 Delum
451 2865 602 2916 maternam
620 2861 714 2916 invisit
734 2861 832 2929 Apollo

153 2935 350 3006 instauratque
368 2937 472 3006 choros,
490 2938 623 3008 mixtique
642 2939 740 2991 altaria
758 2937 856 2990 circum
973 2947 1010 2989 14⁵

153 3010 306 3080 Cretesque
325 3014 502 3084 Dryopesque
518 3016 640 3068 incinunt
657 3014 781 3084 pictique
802 3010 950 3078 Agathyrsi
956 3032 963 3077 ς

154 3087 220 3156 Ipse
237 3089 308 3157 iugis
327 3091 426 3158 Cynthi
444 3091 577 3158 graditur,
595 3091 724 3159 mollique
742 3089 871 3141 fluentem

156 3163 265 3218 Fronde
284 3167 384 3234 premit
401 3168 502 3221 crinem
520 3167 626 3232 fingens
644 3169 727 3232 atque
746 3163 859 3230 inplicat
877 3178 951 3227 auro,

154 3240 221 3294 Tela
237 3241 336 3294 sonant
354 3233 579 3294 humaisihaud
597 3239 643 3290 illa
662 3237 770 3302 segnior
785 3235 845 3288 ibat
