2154 3518
109 167 140 214 28
346 162 375 210 P.
394 159 549 210 VERGILI
566 161 733 211 MARONIS

109 244 266 298 Deficerent
283 243 365 296 silvae
384 245 413 295 et
431 243 531 296 vietum
551 243 664 296 Dodona
682 247 803 312 negaret

109 321 174 374 Mox
193 322 222 373 et
239 317 384 372 frumentis
401 318 478 371 labor
495 320 613 387 additus,
631 325 662 374 ut
681 320 752 374 mala
770 321 872 376 culmos
931 337 974 379 tto

109 398 188 450 Esset
206 394 300 462 robigo
319 395 463 463 segnisque
482 395 606 450 horreret
623 398 651 450 in
670 399 740 451 arvis

109 475 247 538 Carduus;
264 472 405 524 intereunt
424 477 539 542 segetes,
559 474 632 528 subit
651 492 748 544 aspera
766 477 840 543 silva,

109 553 271 620 Lappaeque
291 548 444 617 tribolique,
463 550 591 620 interque
611 553 726 606 nitentia
743 553 816 607 culta

109 629 207 683 Infelix
226 626 317 681 lolium
337 631 365 681 et
384 627 490 680 steriles
510 629 684 682 dominantur
702 645 810 683 avenae.

109 705 188 770 Quod
206 706 255 758 nisi
275 708 304 758 et
322 704 443 757 adsiduis
462 705 575 758 herbam
594 706 764 760 insectabere
782 709 886 774 rastris,
934 723 975 761 155

109 782 144 835 ilt
161 781 251 833 sonitu
269 781 386 835 terrebis
405 799 475 848 aves,
494 785 523 834 et
540 784 610 835 run's
629 782 704 850 opaci

109 859 189 912 Falce
207 875 315 926 premes
335 858 468 926 umbram,
488 859 611 926 votisque
631 858 768 911 vocaveris
785 859 906 926 imbrem,

109 935 180 1000 Heu,
199 951 326 1002 magnum
345 933 457 987 alterius
475 935 578 987 frustra
598 933 735 1002 spectabis
752 951 886 1001 acervum,

109 1012 300 1078 Concussaque
318 1010 418 1064 famem
436 1011 463 1063 in
482 1011 556 1064 silvis
575 1011 699 1064 solabere
717 1027 826 1079 quercu.

144 1086 294 1139 Dicendum
314 1091 350 1154 ct,
370 1103 439 1154 quae
456 1088 511 1140 sint
530 1087 604 1139 duris
625 1087 778 1155 agrestibus
795 1104 877 1156 arms,
934 1103 976 1142 ιω

109 1163 174 1226 Quis
192 1164 249 1217 sine
268 1180 319 1217 nec
335 1167 451 1232 potuere
469 1165 523 1216 seri
541 1180 592 1216 nce
611 1180 723 1230 surgere
740 1181 857 1218 messes:

109 1238 204 1292 Vonris
226 1241 256 1294 et
272 1240 363 1294 inflexi
383 1241 499 1308 primum
517 1257 600 1307 grave
620 1239 703 1292 robur
721 1243 813 1308 aratri,

109 1315 253 1384 Tardaque
273 1317 418 1369 Eleusinae
437 1317 532 1369 matris
551 1316 688 1369 volventia
707 1318 836 1386 plaustra,

109 1392 280 1461 Tribnlaque,
302 1393 476 1461 traheaeque,
497 1397 525 1445 et
543 1394 635 1462 iniquo
656 1393 777 1461 pondere
794 1394 890 1460 rastri;

110 1468 211 1536 Virgea
228 1473 373 1536 praeterea
394 1470 467 1522 Celei
486 1470 599 1536 vilisque
618 1469 748 1536 supellex,

111 1545 250 1596 Arbuteae
270 1549 358 1598 crates
378 1549 407 1597 et
424 1545 536 1611 mystica
555 1561 657 1597 vannus
678 1546 774 1599 Iacchi.

111 1621 208 1673 Ornnia
226 1636 296 1687 quac
315 1619 400 1672 multo
419 1624 483 1672 ante
502 1636 606 1672 memor
624 1623 733 1688 provisa
750 1638 872 1689 repones,

111 1697 139 1749 Si
157 1700 185 1749 te
204 1695 287 1764 digna
306 1700 398 1748 nranet
417 1696 500 1748 divini
518 1696 603 1763 gloria
622 1699 698 1752 ruris.

7 1777 9 1780 ’
111 1773 244 1826 Continuo
263 1772 291 1825 in
309 1773 383 1828 silvis
402 1790 500 1840 magna
520 1773 545 1825 vi
564 1773 634 1828 liena
655 1774 783 1828 domatur

112 1849 144 1901 In
163 1847 252 1901 burim
272 1854 300 1903 et
319 1849 392 1902 curvi
411 1850 525 1903 formam
546 1853 642 1919 accipit
660 1852 749 1905 ulmus
767 1853 858 1906 aratri.

112 1924 183 1976 Huic
199 1924 233 1976 ab
254 1926 338 1993 stirpe
358 1926 442 1994 pedes
461 1931 535 1980 terno
554 1932 699 1995 protentus
717 1930 744 1980 in
763 1933 832 1995 octo,

112 2001 194 2054 Binaa
213 2018 301 2068 aures,
322 2002 422 2071 duplici
440 2007 571 2072 aptantur
591 2004 710 2058 dentalia
729 2005 816 2060 dorso.

111 2077 241 2130 Caeditur
261 2082 290 2132 et
309 2079 367 2132 tilia
387 2085 451 2133 ante
470 2081 532 2148 iugo
552 2081 625 2148 levia,
646 2083 756 2152 altaque
774 2085 851 2151 fagus

111 2153 247 2222 suraque,
267 2172 336 2223 quae
355 2172 448 2210 cursus
468 2175 484 2210 a
504 2161 581 2225 tergo
602 2163 731 2227 torqueat
748 2160 830 2225 imos3

110 2227 154 2280 lat.
165 2245 295 2297 suspensa
313 2232 379 2284 focis
400 2235 525 2300 explorat
545 2234 642 2286 robora
660 2237 756 2289 sumus.

146 2303 257 2358 Possum
277 2306 363 2358 multa
381 2308 432 2359 tibi
451 2313 574 2361 veterum
594 2316 741 2378 praecepta
758 2318 869 2381 referre,

110 2379 146 2432 Ni
164 2381 266 2448 refugis
286 2382 429 2449 tenuisque
450 2384 527 2451 piget
546 2401 708 2450 cognoscere
726 2402 810 2440 curas.

112 2459 186 2509 Area
204 2473 265 2509 curn
285 2457 378 2526 primis
398 2458 502 2525 ingenti
521 2461 667 2526 aequanda
685 2460 805 2528 cylindro

112 2533 147 2585 Et
166 2533 298 2585 vertenda
318 2551 398 2587 manu
418 2539 447 2588 ct
466 2539 543 2588 creta
563 2536 704 2589 solidanda
721 2537 817 2593 tenaci.

112 2609 154 2662 Ne
172 2609 287 2663 subeant
308 2610 416 2677 herbae,
437 2629 490 2664 nen
509 2612 621 2681 pulvere
641 2614 712 2666 victa
730 2613 844 2677 fatiscat,

111 2685 179 2738 'lum
197 2687 287 2740 variae
306 2687 432 2740 inludant
451 2694 557 2756 pestes:
578 2705 659 2758 saepe
678 2690 868 2757 exiguusmus

90 2767 92 2770 '
112 2761 167 2814 Sub
185 2763 267 2814 terris
285 2765 431 2832 posuitque
452 2766 546 2819 domos
567 2770 650 2834 atquo
669 2767 767 2819 horrea
784 2765 863 2830 fecit;

113 2839 171 2890 Aut
190 2839 272 2891 oeulis
292 2841 365 2908 capti
384 2841 478 2896 fodere
497 2843 595 2896 cubilia
614 2843 723 2912 talpao;

113 2915 297 2984 inventusque
317 2918 388 2971 oanis
408 2917 480 2988 bufo,
500 2925 529 2974 et
548 2937 617 2989 quae
636 2922 755 2990 plurima
772 2928 864 2975 terrac
938 2934 973 2973 184

112 2988 236 3043 Monstra
254 2993 363 3059 ferunt3
382 2996 550 3065 populatque
567 2998 707 3065 ingentem
726 2998 806 3052 farris
823 3011 949 3050 acervum

114 3065 245 3133 Curculio,
267 3073 350 3138 atque
368 3071 441 3140 inopi
459 3079 584 3140 metuens
603 3077 717 3128 formica
737 3079 869 3128 senectae.

114 3137 321 3209 Contemplator
338 3147 412 3213 item,
431 3166 490 3203 cum
509 3169 538 3205 se
556 3169 611 3205 nux
629 3154 748 3221 plurima
769 3152 841 3205 silvis

116 3211 217 3271 Induat
235 3218 262 3270 in
280 3220 375 3275 florem
394 3227 423 3276 et
441 3241 530 3280 ramos
548 3230 672 3283 curvabit
690 3229 802 3282 olentis:
