2152 3506
81 182 125 228 144
314 179 342 226 P.
361 178 513 226 veneral
531 177 700 227 MARONIS

78 258 165 322 Quam
184 257 277 324 procul
297 257 434 310 incautam
445 274 564 311 nemora
581 258 655 312 inter
675 257 769 312 Cresia
787 261 849 316 lixit

78 335 175 386 Pastor
193 350 276 400 agens
295 335 365 401 telis,
385 335 519 403 liquitque
537 335 647 388 volatile
664 335 767 388 ferrum

68 411 206 473 .Neseius;
221 410 267 464 illa
286 411 351 478 fuga
369 411 449 464 silvas
468 412 607 479 saltusque
626 415 756 480 peragrat

78 486 218 551 llieteeos3
236 487 332 540 haeret
349 487 430 540 lateri
449 487 538 540 letalis
556 487 701 567 arundus<

78 563 157 617 Nune
175 563 265 617 media
284 566 506 616 Aeneanseeum
524 580 574 631 per
593 565 700 616 nmenia
718 566 801 634 ducit,

78 639 255 708 Sidoniasque
273 644 394 694 ostentat
411 656 477 707 opes
495 639 645 706 urbemque
662 645 787 707 paratam
796 663 803 707 ;
911 657 936 700 75

79 716 177 785 lneipit
195 717 278 784 effari,
296 716 441 784 mediaque
459 717 487 768 in
506 732 570 769 voce
588 717 706 781 resistit;

78 793 158 846 Nune
176 793 272 846 eadem
290 793 399 846 labente
417 792 462 845 die
480 792 602 845 convivia
620 793 733 860 quaerit,

79 868 230 937 Iliacosque
248 871 348 923 iterum
367 870 479 922 demens
497 868 593 922 audire
612 868 719 922 labores

79 945 214 1014 llxposeit
232 946 390 1014 pendetque
408 947 509 998 iterum
527 945 662 998 narrantis
680 945 715 998 ab
733 963 786 998 ore.

79 1021 152 1087 Post,
170 1022 217 1075 ubi
237 1022 359 1089 digressi,
377 1022 523 1089 lumenque
542 1020 657 1074 obseura
674 1022 792 1075 vicissim
911 1037 936 1075 en

79 1098 157 1151 Luna
174 1100 274 1166 premit
292 1097 462 1165 suadentque
481 1097 605 1150 cadentia
624 1096 714 1150 sidera
733 1107 848 1162 somnos·

79 1175 142 1228 Sola
160 1175 240 1228 domo
259 1177 365 1228 maeret
382 1191 474 1241 vacua,
494 1173 644 1242 stratisque
662 1173 764 1226 relictis

80 1251 203 1306 Incubet.
240 1251 321 1306 lllum
340 1250 438 1303 absens
457 1250 598 1302 absentem
617 1249 749 1318 auditque
768 1250 907 1317 videtque,

80 1330 139 1382 Aut
156 1329 258 1396 gremio
278 1327 434 1393 Ascanium,
452 1326 584 1393 genitoris
602 1325 720 1392 imagine
739 1328 825 1392 capta

80 1404 201 1472 Detinet,
219 1403 360 1457 infandum
378 1403 401 1456 si
420 1402 514 1455 fallere
533 1401 620 1469 possit
639 1418 766 1454 amorem.
910 1415 936 1453 85

80 1479 105 1532 N
108 1497 141 1532 on
160 1484 272 1548 coeptae
291 1479 443 1545 adsurgunt
461 1483 559 1544 turres,
578 1494 632 1530 non
651 1494 727 1530 arma
744 1477 870 1530 iuventus

82 1557 206 1620 llxereot,
225 1559 358 1622 portusve
377 1557 425 1605 aut
443 1554 643 1622 propugnacula
661 1553 733 1606 bello

81 1631 150 1684 'l'uta
168 1635 278 1698 parant;
296 1629 419 1698 pendent
437 1647 519 1697 opera
537 1631 693 1698 interrupta
710 1631 856 1698 minaeque

81 1707 222 1760 Murorum
240 1707 364 1774 ingentes
382 1711 554 1774 aequataque
573 1706 697 1758 maehina
716 1707 798 1759 eaelo.

117 1784 202 1847 Quam
222 1783 300 1835 simul
318 1799 349 1835 ne
367 1781 415 1834 tali
433 1784 568 1850 persensit
586 1786 665 1850 peste
683 1783 771 1835 teneri
911 1796 938 1835 ae

82 1859 152 1912 Gara
170 1859 243 1912 lovis
260 1859 384 1924 coniunx,
403 1875 453 1911 nee
471 1858 571 1911 famam
590 1857 699 1912 obstare
718 1859 809 1924 furori,

82 1935 190 1988 'lalibus
207 1935 368 2003 adgreditur
386 1935 523 1988 Venerem
542 1935 668 1988 Saturnia
686 1934 778 1988 dietis:

82 2011 226 2079 Egregium
244 2028 308 2064 vero
327 2011 435 2064 laudem
455 2015 484 2064 et
502 2011 589 2079 spolia
607 2011 697 2078 ampla
715 2011 823 2064 refertis

81 2087 176 2156 'luque
193 2105 315 2157 puerque
333 2091 403 2152 tuus,
422 2104 549 2155 magnum
568 2090 597 2140 et
614 2085 790 2140 memorabile
808 2103 913 2154 nomen,

82 2162 144 2216 Una
162 2163 224 2217 dolo
242 2164 331 2216 divom
350 2164 373 2216 si
391 2164 490 2216 femina
508 2163 579 2216 vieta
598 2162 713 2216 duorum
732 2166 784 2216 est,
911 2178 937 2217 ae

82 2238 107 2290 N
110 2255 140 2291 ee
158 2257 201 2292 me
220 2241 288 2294 adeo
306 2240 375 2293 fallit
394 2240 508 2293 veritam
528 2244 557 2292 te
575 2239 680 2292 moenia
698 2243 792 2294 nostru

82 2314 228 2383 Suspectus
246 2314 373 2368 habuisse
392 2315 487 2369 domos
508 2315 687 2382 Karthaginis
704 2315 783 2375 altae..

82 2389 136 2444 Sed
154 2391 215 2459 <pris
233 2392 286 2444 erit
304 2391 408 2457 modus,
427 2395 474 2445 aut
493 2409 547 2459 quo
565 2408 637 2445 nune
654 2393 803 2445 certamine
820 2395 919 2446 tantol

82 2467 152 2530 Quin
170 2468 261 2535 potius
279 2484 374 2536 paeenr
392 2471 531 2522 aeternam
551 2471 698 2537 pactosque
717 2467 880 2536 hqrnenaeos

81 2543 267 2598 Exereemusl
286 2544 377 2612 habes,
396 2547 456 2598 tota
474 2544 547 2612 quod
566 2547 657 2597 mente
675 2545 780 2612 petisti:
902 2560 941 2598 ror

83 2621 174 2673 Ardet
192 2636 285 2673 amans
304 2619 375 2673 Dido
394 2619 534 2688 traxitque
552 2637 602 2688 per
620 2636 681 2674 ossa
699 2621 826 2674 furorem.
888 2619 890 2624 “

82 2695 259 2749 Communem
277 2697 347 2749 hune
365 2713 430 2764 ergo
449 2697 578 2764 populum
597 2697 765 2764 paribusque
784 2713 911 2764 regamus

82 2771 233 2840 Auspiciis;
250 2772 329 2824 liceat
349 2773 466 2840 Phrygio
484 2774 585 2826 seruire
603 2773 710 2840 marito,

80 2847 243 2916 Detulisque
262 2852 326 2900 tuae
346 2847 438 2915 Tyrios
457 2849 620 2916 permittere
639 2850 760 2902 dextrae.

117 2922 291 2976 Olli-sensit
309 2923 381 2976 enirn
399 2924 527 2977 simulata
544 2929 636 2978 mente
654 2926 779 2993 locutam,
903 2938 939 2979 loe

84 2997 142 3059 Quo
160 3015 274 3065 regnum
294 2998 391 3052 ltaliae
410 2999 522 3066 Libycas
540 3005 678 3066 averteret
696 3017 792 3054 oras-

83 3070 127 3123 Sie
143 3078 238 3126 eontra
255 3078 297 3127 est
314 3074 437 3140 ingressa
455 3075 560 3127 Venus:
580 3075 645 3137 Quis
663 3076 730 3129 talia
747 3076 862 3131 demens

83 3143 202 3211 Abnuat,
221 3151 269 3200 aut
286 3152 376 3201 tecum
395 3149 472 3202 malit
490 3150 655 3203 contendere
673 3151 752 3220 bello,

83 3216 217 3286 simodo,
236 3223 309 3288 quod
328 3240 467 3287 memoriae,
486 3223 587 3277 factum
606 3225 715 3280 fortuna
733 3234 867 3296 sequatur
872 3232 884 3286 l
