2174 3502
109 145 155 190 190
340 142 368 189 P.
387 141 541 190 VERGILI
557 141 725 190 MARCNIS

142 219 226 273 Ibant
242 219 350 274 obscuri
368 220 425 274 sola
443 221 494 274 sub
512 223 592 274 noete
609 236 661 288 per
677 218 811 288 umbram,

108 294 216 364 Perque
233 295 328 350 domos
347 295 419 349 Ditis
436 311 542 350 vacuas·
553 300 581 350 et
598 296 689 350 inania
705 312 805 364 regna:

70 382 84 434 '¹
107 371 821 502 lultusitiittblttutttulttt
925 387 965 428 ²⁷⁰

107 465 239 592 Idppiter,
258 527 286 577 et
304 489 387 577 rebds
404 539 458 576 nox
476 523 591 578 abstulit
609 527 670 577 atra
687 523 836 601 coloremyl

106 598 280 653 Vestibulum
297 605 363 652 ante
380 599 469 668 ipsum
487 600 636 667 primisque
652 599 681 651 in
699 597 822 651 faucibus
841 598 905 652 Orci

106 675 210 729 Luctus
228 679 257 729 et
275 675 386 729 ultrices
403 691 519 744 posuere
536 675 635 728 cubilia
654 675 757 740 Curae3

107 751 298 819 Pallentesque
315 751 441 805 habitant
459 751 559 814 Morbi,
577 751 720 819 tristisque
739 749 881 818 Senectus,
923 767 961 806 275

106 827 143 880 Et
161 827 260 891 Metus,
280 831 309 880 et
327 825 484 880 malesuada
502 826 608 894 Fames,
625 842 657 879 ac
674 825 763 894 turpis
780 825 905 894 Egestas,

106 901 252 956 Terribiles
270 903 329 955 visu
346 903 458 968 formae,
475 902 636 969 Letumque,
656 901 814 970 Labosque,
979 919 986 932 ·

105 977 173 1031 Tum
191 978 405 1045 consanguineus
424 978 486 1031 heti
504 977 597 1044 Sopor,
616 980 645 1030 et
661 976 734 1029 mala
751 977 852 1030 mentis

106 1053 219 1121 Gaudia,
237 1053 463 1121 mortiferumque
481 1053 596 1106 adverso
612 1053 641 1106 in
658 1052 751 1106 limine
769 1053 886 1121 Bellum,

106 1128 254 1197 Terreiquo
267 1129 446 1181 Eumenidum
458 1128 577 1194 thalami,
590 1131 619 1182 et
631 1128 774 1182 Discordia
785 1129 907 1197 densans,
920 1145 958 1184 aso

106 1204 254 1272 Vipereum
272 1204 373 1257 omnem
392 1203 469 1258 vittis
486 1204 585 1257 innexa
603 1206 731 1258 cruentis.

140 1281 173 1333 In
191 1280 283 1335 medio
300 1297 389 1333 roanos
407 1296 563 1348 annosaque
581 1279 708 1333 bracchia
724 1279 822 1348 pandit

105 1356 202 1410 Ulmus
219 1373 310 1426 opaca,
327 1357 431 1423 ingens,
450 1371 531 1424 quam
550 1355 643 1409 sedem
663 1355 772 1409 Somnia
788 1356 868 1424 volgo

105 1431 184 1485 Vana
201 1437 296 1486 tenere
314 1432 413 1498 ferunt,
431 1431 557 1499 foliisque
577 1431 628 1484 sub
645 1431 770 1485 omnibus
787 1431 908 1487 haerent.

104 1507 246 1577 Multaque
263 1511 406 1575 praeterea
422 1508 559 1561 variarum
576 1511 698 1561 monstra
716 1507 836 1561 ferarum
918 1525 956 1561 aas

104 1583 233 1638 Centauri
251 1584 278 1635 in
295 1582 397 1636 foribus
416 1583 556 1636 stabulant
574 1582 733 1651 Scyllaeque
749 1583 880 1638 biformes

104 1659 141 1714 Et
158 1659 390 1725 centumgeminus
409 1658 537 1712 Briareus
554 1675 586 1712 ae
603 1658 684 1712 belua
701 1659 814 1727 Lernae,

105 1734 280 1788 Horrendum
298 1733 425 1801 stridens,
443 1733 612 1802 flammisque
629 1738 735 1789 armata
753 1735 903 1804 Chimaera,

104 1811 244 1879 Gorgones
264 1810 456 1878 Harpyiaeque
474 1813 504 1864 et
520 1809 609 1863 forma
626 1810 783 1879 tricorporis
800 1811 923 1866 umbrae.

104 1887 223 1955 Corripit
240 1887 284 1940 hie
302 1885 392 1939 subita
410 1885 535 1955 trepidus
552 1885 697 1940 formidine
714 1886 817 1939 sermm
917 1902 954 1940 aaa

104 1966 220 2030 Aeneas,
238 1963 416 2030 strictamque
433 1962 517 2015 aciem
536 1962 708 2016 venientibus
725 1962 812 2028 offert,

104 2039 148 2106 Et,
166 2041 193 2093 ni
211 2040 293 2094 docta
308 2053 400 2092 comes
418 2038 507 2091 tenuis
525 2038 583 2091 sine
601 2053 715 2106 corpore
731 2038 802 2091 vitas

105 2116 262 2170 Admoneat
279 2115 392 2168 volitare
410 2129 474 2167 cava
491 2113 542 2166 sub
560 2113 678 2181 imagine
695 2114 806 2180 formae,

105 2192 208 2256 lnruat,
226 2195 256 2244 et
273 2191 374 2244 frustra
390 2189 463 2242 ferro
481 2188 636 2242 diverberet
653 2189 771 2244 umbras.

140 2269 212 2320 lline
223 2268 274 2331 via,
287 2265 410 2319 Tartarei
423 2281 494 2333 quae
505 2264 562 2319 fert
574 2264 738 2319 Acherontis
749 2265 785 2318 ad
797 2266 892 2318 undas
918 2279 953 2318 ms

104 2339 240 2396 Turbidus
258 2341 302 2394 hic
320 2356 402 2394 caeno
421 2343 553 2409 vastaque
570 2341 698 2409 voragine
714 2357 814 2409 gurges

104 2421 223 2473 Aestuat
240 2420 324 2484 atque
341 2432 449 2470 omnem
468 2416 569 2485 Cocyto
586 2421 694 2471 emetat
711 2434 829 2471 arenant.

106 2495 227 2548 Portitor
243 2493 292 2546 has
309 2491 461 2545 horrendus
478 2509 564 2560 aquas
582 2496 611 2546 et
628 2492 739 2546 flumina
757 2496 848 2546 servat

104 2570 231 2624 Terribili
248 2569 372 2637 squalore
390 2567 504 2636 Charon,
522 2567 566 2621 eui
581 2568 699 2636 plurima
715 2573 808 2623 mento

105 2646 226 2700 Canities
243 2645 345 2699 inculta
361 2645 439 2707 iacet,
457 2647 532 2698 stant
548 2643 650 2697 lumina
667 2644 781 2707 flamma
917 2656 954 2695 soe

105 2722 237 2776 Sordidus
255 2737 288 2773 ex
307 2720 428 2774 humeris
445 2719 517 2773 nodo
535 2719 673 2788 dependet
691 2720 812 2773 amictus.

105 2797 169 2866 lpse
186 2800 273 2850 ratem
292 2799 371 2849 conto
389 2795 495 2863 subigit,
512 2795 634 2863 velisque
652 2795 798 2863 ministrat,

105 2873 142 2925 Et
158 2872 313 2938 ferruginea
328 2870 473 2924 subvectat
490 2886 603 2938 corpora
620 2870 724 2940 cymba,

105 2947 165 2999 Iam
182 2947 281 3013 senior,
300 2945 350 2999 sed
367 2945 452 2998 cruda
470 2946 522 2998 deo
539 2945 689 3013 viridisque
708 2949 841 3000 senectus.

106 3020 168 3072 Huc
185 3021 271 3074 omnis
288 3021 371 3074 turba
389 3019 424 3073 ad
442 3020 515 3088 ripas
533 3019 618 3074 effusa
635 3021 742 3088 ruebat,
921 3037 957 3076 fros

16 3157 22 3168 .
105 3091 210 3144 Matres
226 3098 311 3163 atque
329 3095 388 3158 riri,
407 3095 590 3161 defunctaque
608 3111 723 3162 corpora
741 3097 798 3150 rita

106 3163 307 3230 Magnanimum
326 3170 445 3231 heroum,
463 3171 540 3236 pueri
559 3170 744 3240 innuptaeque
761 3171 878 3239 puellae,
