2152 3506
362 157 544 207 AENEIDOS
566 158 635 206 LIB.
660 160 712 208 III.
919 165 963 212 137

110 241 195 297 Haud
215 255 301 305 mora,
319 238 446 291 continuo
464 237 593 307 perlectis
611 239 706 293 ordine
726 240 802 305 votis,

111 320 221 373 Cornua
239 316 391 369 velatarum
409 313 577 368 obvertimus
596 319 784 384 antennarum,

110 395 353 460 Graiugenumque
365 391 459 444 domos
472 396 652 460 suspectaque
665 392 810 460 linquimus
823 410 893 448 arva
929 407 965 448 ma

110 471 183 524 Hinc
201 469 278 522 sinus
299 467 435 532 Herculei,
455 467 477 518 si
495 483 560 518 vora
578 473 621 520 est
639 469 717 530 fama,
737 469 848 522 Tarenti

110 548 255 608 Cernitur;
273 542 375 596 attollit
395 559 424 595 se
443 542 506 594 diva
527 542 635 595 Lacinia
653 549 754 608 eontra,

110 622 294 688 Caulonisque
312 635 387 671 arces
406 622 435 672 et
454 618 623 686 navifragum
643 621 805 688 Scylaceum.

109 699 179 752 Tum
198 696 292 766 procul
311 712 326 748 e
344 695 429 748 fluctu
449 695 587 750 Trinacria
606 697 727 750 cernitur
746 699 843 764 Aetna,

108 776 145 830 ut
162 774 298 842 gemitum
317 772 457 838 ingentem
477 771 567 840 pelagi
586 772 749 840 pulsataque
767 791 832 828 saxa
929 791 964 830 aaa

29 899 31 904 ,
111 851 250 905 Audimus
268 848 348 916 longe
365 847 523 916 fractasque
541 848 576 900 ad
595 849 676 902 Iltora
694 865 780 916 voees,

111 926 313 992 Exsultantque
331 923 408 991 vada,
427 926 511 992 atque
529 929 607 978 aestu
624 925 772 979 miscentur
788 942 893 981 arenae.

109 1003 145 1058 m
163 1007 245 1072 pater
265 999 411 1054 Anchises:
434 1000 570 1053 Nimirum
590 1001 656 1054 lraec
675 1001 721 1054 illa
739 1002 902 1071 Charybdis:

110 1081 170 1134 Hos
191 1079 314 1132 Helenus
332 1077 462 1144 scopulos,
480 1075 547 1130 haec
565 1093 630 1130 saxa
648 1078 783 1132 horrenda
800 1079 921 1136 canebat.

109 1156 224 1224 Eripite,
243 1171 259 1206 o
277 1153 347 1220 socii,
366 1153 524 1220 pariterque
543 1153 674 1222 insurgite
693 1158 782 1210 remis.

110 1231 197 1286 Haud
215 1230 304 1283 minus
322 1245 353 1282 ae
370 1229 436 1282 iussi
454 1229 565 1297 faciunt,
586 1232 744 1300 prtmusque
763 1235 907 1290 rudentem

109 1307 251 1362 Contorsit
268 1307 359 1359 laevas
376 1323 485 1374 proram
505 1307 648 1360 Palinurus
666 1309 701 1360 ad
720 1311 821 1375 uudas3

109 1384 231 1438 Laevam
249 1386 348 1452 cuneta
366 1382 462 1436 cohors
480 1383 562 1436 remis
582 1385 725 1451 ventisque
743 1387 848 1454 pctIvit.

109 1461 242 1514 Tollimur
259 1459 288 1513 in
307 1459 411 1512 caelum
431 1463 542 1512 curvato
561 1460 677 1528 gurgite,
696 1467 724 1514 et
742 1463 814 1516 idem

109 1537 253 1592 Subducta
270 1535 306 1589 ad
324 1533 412 1588 Manis
431 1535 499 1588 imos
517 1535 673 1588 desedimus
692 1539 771 1592 unda.
928 1557 964 1596 aaa

109 1615 164 1668 'l'er
182 1613 285 1682 scopuli
304 1613 450 1666 clamorem
467 1612 540 1665 inter
558 1629 624 1666 cava
642 1631 707 1668 saxa
726 1615 841 1672 dedere:

110 1693 163 1744 'l'er
183 1706 306 1758 spumam
326 1689 419 1742 elisam
439 1692 468 1741 ct
486 1689 606 1742 rorantia
625 1691 840 1747 vidimusastra.

110 1768 225 1821 Interea
242 1767 326 1818 sessos
345 1768 443 1818 ventus
461 1781 522 1817 eum
541 1765 596 1817 sole
614 1767 732 1835 reliquit,

110 1845 261 1912 Ignarique
278 1843 337 1895 viae
356 1840 500 1908 Cyclopum
518 1841 671 1895 adlabimur
689 1845 750 1897 oris.

146 1921 247 1972 l‘ortus
260 1918 294 1971 ab
307 1933 416 1972 accessu
428 1921 570 1970 ventorum
584 1919 702 1973 inmotus
715 1925 743 1974 et
755 1923 849 1989 ingens
927 1939 963 1978 570

110 1997 191 2065 Ipsc;
210 1995 261 2049 sed
277 1993 410 2048 horrificis
428 1994 505 2046 iuxta
523 1999 600 2047 tonat
622 1998 713 2049 Aetna
730 1998 822 2062 ruinis,

110 2071 313 2139 Interdumque
331 2073 419 2123 atram
437 2071 589 2139 prorumpit
608 2072 643 2124 ad
662 2073 774 2125 aethera
792 2074 899 2142 nubem,

75 2204 78 2217 ,
110 2149 231 2202 Turbine
250 2147 399 2200 fumantem
418 2147 495 2213 piceo
513 2150 542 2199 ot
560 2148 694 2200 candente
712 2149 809 2216 fauilla,

44 2221 48 2227 ’
74 2244 76 2289 ς
110 2225 281 2292 Attollitque
300 2222 394 2290 globos
412 2222 581 2276 llammarum
600 2227 628 2276 et
647 2224 738 2278 sidera
755 2225 864 2292 lambit3

110 2299 259 2354 Interdum
278 2299 401 2368 scopulos
419 2299 563 2367 avolsaque
582 2300 685 2354 viscera
703 2303 803 2356 montis
927 2320 963 2358 ars

110 2377 202 2444 Erigit
221 2379 354 2442 eructans,
373 2376 574 2445 liquefactaque
594 2394 658 2430 saxa
677 2378 727 2431 sub
745 2396 824 2434 armas

110 2455 182 2507 Cum
200 2451 307 2521 gemitu
324 2451 464 2520 glomerat,
485 2453 624 2523 furrdoque
643 2460 786 2509 exaestuat
804 2457 865 2510 imo.
889 2519 892 2526 Δ

111 2531 199 2583 Fama
217 2532 261 2584 est
280 2528 409 2582 Enceladi
429 2530 589 2582 semiustum
608 2531 721 2584 fulmine
739 2549 836 2600 eorpus

111 2607 233 2674 Urgueri
252 2605 322 2660 mole
339 2606 398 2673 hac,
417 2606 609 2674 ingentemque
626 2608 737 2676 insuper
757 2613 876 2663 Aetnam

113 2683 266 2751 Inpositam
283 2682 372 2751 ruptis
391 2683 527 2736 flammam
548 2683 686 2752 exspirare
705 2685 829 2749 caminis3
928 2701 964 2738 aso

112 2759 150 2812 ut
167 2759 271 2812 fessum
290 2759 415 2828 quotiens
433 2761 523 2813 mutet
540 2759 620 2827 latus,
639 2761 786 2814 intremere
804 2779 911 2815 curnem

112 2836 256 2888 Murmure
275 2835 446 2903 Trinacriam,
466 2840 495 2890 et
513 2837 617 2890 eaelum
637 2837 782 2890 subtexere
800 2838 881 2890 fumo.

89 2955 91 2960 .
113 2911 231 2964 Noctem
248 2911 323 2966 illam
340 2914 407 2966 tecti
426 2913 500 2966 silvis
518 2913 636 2966 inmania
654 2918 775 2966 monstra

113 2987 288 3055 Perferimus,
306 3005 362 3055 nec,
382 3005 452 3057 quae
471 2991 589 3043 sonitum
609 2989 658 3042 det
676 3005 777 3054 caussa,
795 2988 924 3042 videmus.

112 3063 186 3116 Nam
198 3081 288 3134 neque
299 3068 377 3118 erant
389 3070 524 3119 astrorum
536 3068 620 3134 Ignes,
629 3081 680 3118 nee
691 3062 796 3117 lucidus
808 3064 905 3118 aethra
929 3078 965 3118 aas

111 3140 228 3194 Siderea
246 3142 331 3210 polus,
351 3141 464 3194 obscuro
484 3141 534 3194 sed
551 3141 645 3194 nubila
663 3139 745 3202 caelo,

113 3217 149 3270 Ilt
168 3217 274 3270 Lunam
292 3217 320 3270 in
337 3216 429 3269 nimbo
446 3233 500 3269 nox
517 3215 684 3280 intempesta
701 3209 820 3264 tenebat.
