2152 3506
119 89 148 139 18
355 85 384 134 Ρ.
403 83 559 132 VERGILI
577 83 744 133 MARONIS

117 166 271 228 Hauserat;
289 162 403 217 arebant
422 163 533 227 herbae,
552 168 581 216 et
599 180 664 216 aava
682 165 792 218 flumina
809 167 892 223 siccis

117 240 253 297 Faucibus
270 239 307 294 ad
324 239 417 294 limum
437 240 507 294 radii
525 239 662 310 tepefacta
680 243 848 312 coquebant:

117 322 186 376 (lum
206 317 323 370 Proteus
340 324 470 372 consueta
488 323 585 388 petens
603 336 619 372 e
637 317 763 374 fluctibns
781 324 863 376 antra

117 398 196 463 lbat3
214 412 276 450 eum
294 395 365 448 vasti
384 395 484 448 circum
502 414 569 464 gens
587 397 699 450 humida
716 397 792 466 ponti
948 415 983 456 m

116 475 263 529 Exsultans
281 491 371 526 rorem
389 472 444 526 lato
463 473 598 542 dispergit
615 489 744 526 amarum.

116 552 249 606 Sternunt
267 567 296 605 se
315 567 407 604 somno
426 550 550 604 diversae
567 552 595 604 in
614 550 693 603 litore
711 549 827 618 phome3

117 629 188 698 Ipse,
206 629 282 684 velut
300 627 399 680 stabuli
417 631 508 680 custos
525 629 552 681 in
572 627 708 681 montibus
726 626 797 686 olim.

117 705 223 775 Vesper
241 705 287 759 nbi
307 724 322 758 o
341 708 421 772 pastu
440 705 539 757 vitulos
558 705 593 758 ad
612 709 685 756 tecta
703 701 807 755 reducit

120 783 283 852 Auditisque
302 782 379 851 lupos
398 785 498 835 acuunt
516 781 651 834 balatibus
669 779 738 847 agni,
945 796 982 836 05

115 858 240 911 Concidit
259 857 367 926 scopulo
387 858 501 924 medius,
520 873 717 926 numerumque
734 859 866 910 recenset.

20 945 22 958 ¹
116 933 199 988 Cuius
219 935 346 988 Aristaeo
366 935 492 1003 quoniam
511 937 554 987 cst
572 933 666 988 oblata
682 931 802 997 facultas,

117 1010 170 1063 Vix
188 1011 295 1064 defesse
313 1027 406 1064 senem
426 1027 521 1078 passus
539 1026 693 1078 conponere
710 1007 839 1074 membre,

115 1086 183 1140 Cum
201 1087 318 1140 elamore
337 1087 394 1140 ruit
412 1103 518 1154 magno,
537 1087 702 1154 manicisque
719 1085 852 1138 iacentem

115 1161 242 1232 Occupat.
281 1163 332 1216 Ille
351 1179 415 1216 snae
435 1167 530 1216 eontra
547 1179 600 1216 uon
618 1163 752 1215 inmemor
769 1161 835 1215 artis
939 1179 977 1218 000

115 1239 211 1292 Omnia
230 1239 407 1293 transformat
426 1255 485 1291 sese
504 1239 532 1291 in
550 1239 679 1291 miracula
697 1255 795 1302 rerum,

115 1315 272 1385 leuemque,
286 1315 499 1382 horribilemque
511 1314 783 1382 fenennaefluviumque
795 1314 964 1383 liquentem.

113 1390 217 1444 Verum
235 1392 281 1445 nbi
299 1391 373 1444 nulla
390 1391 482 1458 lugam
500 1391 605 1460 reperit
623 1389 734 1456 fallacia,
752 1391 838 1443 dicius

114 1467 146 1519 In
166 1485 224 1521 sese
242 1468 322 1534 redit,
341 1472 425 1536 atque
445 1467 562 1520 hominis
581 1467 693 1520 tandem
711 1483 758 1519 ore
777 1467 897 1522 locutus:

113 1542 182 1595 Nam
202 1544 263 1611 quis
280 1552 316 1608 te,
335 1544 463 1596 iuvenum
483 1543 719 1610 confidentissime,
738 1547 843 1596 nostras
936 1563 975 1600 cci

112 1619 197 1671 Iussit
209 1619 285 1672 :adire
299 1619 409 1673 domosl
429 1620 530 1688 quidve
543 1619 605 1672 hine
617 1619 705 1688 petisl
719 1619 815 1687 inquit.
852 1623 894 1674 At
904 1622 973 1678 ille:
1025 1684 1028 1689 ,

112 1694 177 1762 Seis,
197 1695 306 1762 Protea,
326 1695 377 1748 scis
395 1697 469 1763 ipse;
488 1712 576 1763 neque
594 1701 636 1748 est
651 1700 680 1748 to
696 1695 791 1748 fallere
807 1697 973 1764 quicquam3

111 1769 167 1823 Sed
184 1775 215 1824 tn
233 1770 327 1824 desine
345 1771 421 1824 velle.
460 1772 548 1824 Deum
567 1777 713 1840 praecepta
731 1772 818 1824 secuti

112 1846 250 1915 Venimus,
269 1847 330 1900 hinc
347 1845 426 1900 lassis
444 1849 597 1915 quaesitum
617 1847 725 1901 oracula
743 1847 830 1900 rebus.

111 1923 226 1977 'lantum
246 1924 349 1978 effetus.
387 1923 434 1976 Ad
453 1924 519 1976 haee
537 1927 614 1977 vetes
632 1924 659 1976 vi
677 1922 795 1990 denique
813 1923 902 1977 multa
932 1941 973 1981 4⁵⁰

111 2000 242 2055 Ardentis
261 2001 351 2054 oeulos
369 2000 481 2056 intorsit
499 2000 601 2053 lumine
619 2000 721 2068 glauce,

102 2075 146 2129 -Ε1
163 2078 283 2144 graviter
300 2076 433 2130 frendens
451 2076 489 2129 sic
507 2076 571 2129 satis
591 2093 639 2129 ora
658 2050 798 2175 resolvit)

95 2175 115 2227 q
146 2153 206 2206 Non
224 2158 253 2206 to
271 2153 371 2205 nullius
391 2156 519 2205 exercent
538 2152 656 2205 numinis
674 2154 737 2205 irae.

110 2227 209 2294 Magna
227 2229 278 2280 luis
297 2228 452 2280 commissa:
471 2228 521 2280 tibi
541 2228 589 2281 has
608 2229 769 2281 miserabilis
788 2232 915 2298 Orpheus

113 2304 193 2356 llaud
211 2321 348 2372 quaquam
367 2303 402 2355 ob
422 2305 549 2357 mem'tum
569 2322 678 2373 poenae,
696 2306 723 2358 ni
743 2305 811 2357 Fata
827 2306 972 2376 resistant,

109 2380 235 2445 Suscitat
255 2384 283 2432 et
300 2384 380 2448 repta
398 2380 520 2447 graviter
539 2399 589 2448 pro
609 2383 722 2449 coniuge
740 2381 832 2434 saevit.
931 2401 974 2439 aso

110 2455 161 2508 llla
179 2456 298 2525 quidem,
318 2456 383 2508 dum
401 2460 430 2508 te
449 2456 558 2524 fugeret
576 2475 626 2526 per
645 2458 755 2510 flumina
773 2474 910 2525 praeceps,

109 2531 249 2585 inmanem
268 2537 332 2586 ante
350 2532 434 2601 pedes
453 2533 570 2601 hydrum
590 2536 722 2600 moritura
739 2534 829 2603 puella

108 2608 268 2662 Servantem
286 2609 360 2678 ripas
378 2610 434 2664 alta
452 2627 504 2662 non
525 2609 594 2663 vidit
612 2610 640 2662 in
659 2610 751 2664 herba.

108 2683 148 2736 ht
166 2683 263 2736 chorus
282 2685 403 2752 aequalis
422 2685 561 2754 Dryadum
580 2687 697 2740 elamore
716 2703 856 2756 supremos
931 2704 971 2741 000

108 2759 252 2827 Inplcrunt
270 2761 386 2834 montis;
404 2762 505 2814 llerunt
527 2763 702 2831 Rhodopeiae
721 2779 805 2830 arces,

110 2835 228 2905 Altaque
249 2837 382 2903 Pangaea,
401 2841 430 2889 et
449 2837 533 2890 Rhesi
553 2837 688 2890 Mavortia
707 2839 795 2906 tellus,

111 2915 202 2978 hique
221 2913 315 2976 Getae,
335 2916 420 2978 atque
440 2911 607 2978 Ilebrr1S‚et
627 2913 722 2965 Actias
741 2913 872 2980 Orithyia

109 2985 181 3051 lpse,
199 3003 264 3038 cava
281 2985 370 3038 solans
388 3001 500 3051 aegrum
518 2985 657 3037 testudine
676 3003 802 3054 amorem,

109 3057 154 3121 Te,
173 3058 259 3111 dulcis
278 3061 401 3122 coniunx,
421 3064 449 3110 te
468 3059 524 3110 solo
541 3059 570 3110 in
589 3059 667 3111 litore
686 3077 785 3124 secnm,
929 3080 972 3119 sm

109 3129 148 3182 ’10
165 3132 290 3186 veniente
307 3131 360 3195 die,
379 3143 408 3186 te
427 3132 578 3184 decedente
596 3133 716 3188 canebat.
