2174 3502
351 163 532 212 Annnrnos
549 165 620 214 LIB.
638 163 703 212 VII.
903 159 950 206 223

93 242 222 296 Terribili
239 241 369 310 inpcxum
387 247 470 309 saeta,
489 260 550 296 cum
569 243 697 297 dentibus
715 242 784 298 albis

93 319 216 372 indutus
235 319 326 386 capiti,
345 319 382 371 sic
400 319 474 386 regia
491 323 566 372 tecta
584 319 701 386 subibat,

93 395 243 457 Horridus,
263 395 452 464 Herculeoque
470 395 598 449 humeros
615 397 731 450 innexus
748 397 858 452 amictu.

129 473 202 524 Tum
220 471 320 537 gemini
338 471 437 524 fratres
456 471 581 525 Tiburtia
598 473 703 526 moenia
721 473 855 540 linquunt,
912 487 949 527 tro

94 547 206 601 Fratris
223 546 330 601 Tiburti
348 547 448 601 dictam
467 549 625 616 cognomine
642 553 760 617 gentem,

94 624 270 692 Catillusque
287 641 403 693 acerque
422 626 513 690 Coras,
533 625 637 692 Argiva
654 627 788 692 iuventus,

95 702 132 754 lit
151 701 270 769 primam
287 705 351 753 ante
369 701 453 754 aciem
471 701 556 754 densa
573 702 646 754 iuter
664 702 721 754 tcla
738 702 876 755 feruutur:

95 778 156 830 Ceu
174 775 229 829 duo
248 776 399 844 nubigenae
417 794 478 830 cum
496 777 598 830 vertice
616 778 715 830 montis
733 777 768 830 ab
786 778 842 831 alto

95 852 277 906 Descendunt
290 853 428 920 Centauri,
442 854 577 906 Homolen
591 853 761 922 Othrquue
772 854 889 907 nivalem
914 866 951 906 070

2 961 5 969 ·
96 929 269 997 Linquentes
287 947 367 982 cursu
385 930 494 998 rapido;
513 930 561 982 dat
579 930 706 983 cuntibus
724 931 819 998 ingens

2 1045 3 1052 1
97 1005 173 1059 Silva
191 1005 287 1072 locum,
305 1011 334 1059 et
352 1023 449 1074 inagno
467 1006 568 1059 cedunt
586 1007 704 1074 virgulta
720 1007 835 1074 fragore.

2 1145 3 1158 ἵ
132 1081 158 1134 N
161 1098 194 1134 ec
214 1081 406 1135 Praenestinae
423 1082 553 1135 fundator
571 1081 658 1136 deluit
675 1083 757 1150 urbis,

2 1167 3 1176 ¹
97 1158 221 1217 Volcano
239 1159 362 1225 genitum
380 1175 478 1227 pecora
495 1159 568 1211 inter
584 1159 704 1226 agrestia
721 1175 814 1226 regem

2 1233 3 1262 ³
99 1235 303 1302 inventumque
320 1235 386 1288 focis
403 1236 489 1288 omnis
508 1252 588 1303 quem
606 1235 723 1290 credidit
742 1240 824 1300 actae,
917 1246 953 1286 000

99 1310 241 1366 Caeculus.
278 1311 360 1364 Hunc
378 1311 449 1379 legio
467 1312 523 1365 late
542 1312 687 1364 comitatur
705 1312 829 1378 agrestis,

99 1388 210 1456 Quique
228 1387 313 1440 altum
332 1388 479 1442 Praeneste
497 1389 555 1452 viri,
574 1388 676 1456 quique
694 1404 759 1440 arra
778 1385 900 1440 Gabinae

99 1464 216 1528 lunonis
233 1463 409 1533 gelidumque
428 1466 563 1518 Anienem
582 1468 611 1517 et
630 1463 735 1516 roscida
753 1464 816 1515 rivis

100 1540 226 1593 Hernica
243 1557 308 1593 saxa
326 1541 423 1607 colunt,
443 1557 511 1608 quos
530 1540 606 1594 dives
625 1540 752 1607 Anagnia
768 1538 863 1607 pascit,

100 1617 185 1681 Quos,
204 1619 340 1670 Amasene
358 1621 443 1685 pater.
479 1617 504 1669 N
507 1633 541 1670 on
558 1617 612 1669 illis
630 1615 754 1670 omnibus
772 1632 854 1682 arma,
916 1629 953 1668 css

100 1693 161 1746 Nec
179 1692 260 1760 clipei
279 1709 407 1763 currusve
425 1697 536 1758 sonant;
555 1710 618 1761 pars
636 1709 763 1746 maxuma
780 1691 894 1759 glandes

100 1769 227 1822 Liuentis
244 1770 349 1837 plumbi
369 1769 486 1838 spargit;
503 1785 567 1837 pars
586 1769 688 1837 spicula
706 1773 797 1836 gestat

101 1845 175 1898 Bina
191 1861 288 1910 manu3
305 1846 446 1914 fulvosque
464 1846 521 1914 lupi
539 1846 574 1900 de
592 1845 663 1913 pelle
682 1846 787 1912 galeros

101 1919 225 1990 Tegmen
243 1921 346 1974 habent
364 1923 461 1990 capiti3
479 1923 593 1989 vestigia
610 1922 684 1974 nuda
702 1920 804 1973 sinistri

102 1999 255 2052 instituere
272 1998 363 2066 pedis3
380 1999 479 2052 crudus
498 1999 568 2066 tegit
586 1998 672 2051 aitcra
689 2013 762 2064 pero.
919 2008 956 2048 000

138 2076 180 2126 At
199 2074 349 2142 Messapus,
368 2091 467 2142 equum
487 2075 612 2139 domitor,
632 2072 770 2140 Neptunia
787 2070 884 2137 proles,

102 2153 193 2216 Quem
211 2167 300 2218 neque
317 2150 358 2203 fas
376 2151 433 2218 igni
452 2151 577 2218 cuiquam
596 2166 645 2201 nec
664 2153 786 2200 sternere
804 2147 884 2213 ferro,

103 2229 165 2281 Iam
183 2227 291 2296 pridem
309 2228 414 2281 resides
431 2228 545 2297 populos
564 2227 733 2292 desuetaque
750 2222 823 2276 bello

103 2305 225 2372 Agmina
242 2302 270 2355 in
287 2321 363 2357 arma
380 2307 458 2357 vocat
475 2303 573 2370 subito,
590 2303 747 2369 ferrumque
766 2302 868 2352 retract
885 2300 904 2352 t.

103 2381 144 2432 Hi
163 2379 344 2433 Fescenninas
362 2381 433 2434 acies
451 2381 619 2449 Aequosque
638 2377 763 2442 Faliscos,
919 2389 956 2429 ees

104 2456 145 2510 Hi
164 2455 283 2509 Soractis
300 2456 403 2510 habent
420 2474 497 2511 arces
516 2455 692 2524 Flaviniaque
710 2471 781 2519 arva,

103 2533 142 2586 Et
161 2531 260 2585 Cimini
278 2549 339 2585 cum
357 2537 449 2586 monto
467 2534 556 2588 laeum
574 2533 702 2600 lucosque
722 2531 852 2598 Capenos.

105 2609 191 2663 Ibant
208 2609 317 2677 aequati
335 2613 455 2676 numero,
473 2625 621 2678 regemque
639 2607 784 2661 canebant:

2 2691 3 2696 ’
84 2677 164 2768 iCeu
182 2684 319 2751 quondam
336 2685 407 2740 nivei
425 2686 529 2754 liquida
545 2686 618 2739 inter
635 2684 728 2737 nubila
746 2682 821 2750 cycni

105 2761 176 2814 eum
195 2776 255 2812 sese
272 2777 288 2814 e
305 2765 385 2828 pastu
403 2763 527 2816 referunt
545 2765 574 2815 et
591 2761 670 2828 longa
690 2775 801 2812 canoros
922 2763 958 2809 70⁰

105 2837 183 2891 Dant
200 2852 251 2904 per
267 2838 336 2890 colla
353 2839 463 2905 mod0s3
482 2841 559 2892 sonat
577 2839 663 2890 amnis
681 2839 710 2889 et
728 2835 796 2889 Asia
813 2832 893 2900 longe

107 2913 191 2966 Pulsa
207 2911 292 2980 palus.
304 2939 331 2977 q

107 2988 168 3042 Nee
186 2988 330 3058 quisquam
347 2995 454 3046 aeratas
472 2991 543 3046 acies
561 3007 596 3044 ex
613 2989 720 3058 agmine
737 2989 816 3040 tanto

107 3065 221 3119 Misceri
238 3070 326 3134 putet,
344 3068 445 3121 aeriam
464 3066 514 3121 sed
531 3067 641 3134 gurgite
658 3063 693 3117 ab
711 3063 767 3116 alto

107 3141 229 3207 Urgueri
246 3142 386 3195 volucrum
404 3159 545 3196 raucarum
564 3141 600 3192 ad
616 3141 697 3191 litora
713 3137 820 3188 nubem
922 3147 960 3188 700

144 3215 222 3282 Ecce,
240 3215 401 3270 Sabinorum
418 3218 508 3285 prisco
526 3213 707 3287 decsauguiue
725 3223 852 3273 magnum
