2152 3506
350 160 557 210 GEORGICON
575 161 643 210 LIB.
664 160 713 210 IV.
933 161 961 210 75

100 241 222 299 Garrula
240 258 322 311 quam
340 242 421 309 tignis
440 243 534 294 nidum
553 243 702 311 suspendat
720 241 841 295 hirundo.

102 320 218 373 Interea
236 318 338 372 teneris
356 317 509 384 tepefactus
526 320 554 370 in
573 318 677 371 ossibus
695 318 791 370 humor

103 400 233 462 Aestuat,
252 399 281 448 ct
299 395 410 448 visenda
428 394 516 447 modis
535 394 661 448 animalia
679 395 761 458 miris,

101 473 210 526 'l'runca
227 471 327 539 pedum
346 472 444 539 primo,
462 487 526 524 mox
545 475 573 524 et
592 471 737 524 stridentia
753 471 855 537 permis,
925 485 962 524 313

103 549 261 616 Miscentur,
280 551 444 615 tenuemque
462 549 548 614 magis
566 548 652 614 magis
671 564 735 600 acra
752 551 873 614 carpunt,

102 625 207 690 Donec,
224 629 256 678 ut
274 625 383 678 aestivis
405 624 506 676 effusus
524 623 641 676 nubibus
659 623 753 686 imber,

105 702 236 770 llrupere,
256 706 304 755 aut
322 705 361 767 ut,
381 716 465 753 nervo
483 700 616 768 pulsante,
636 701 759 766 sagittae,

105 776 197 831 Prima
215 779 288 831 leves
307 779 403 831 ineunt
422 778 443 828 si
465 775 575 845 quando
593 776 696 844 proelia
715 775 818 828 Partiri.

139 855 206 918 Quis
219 853 287 908 deus
300 855 376 916 hanc,
391 853 494 918 Musae,
507 853 568 921 quis
581 853 659 905 nobis
673 852 783 905 extudit
795 855 900 905 artemi
923 865 960 904 313

103 930 186 984 Unde
204 947 273 983 nova
291 931 429 997 ingressus
448 929 587 983 hominmn
606 929 776 997 experientia
793 928 882 992 cepitl

104 1004 204 1059 Pastor·
224 1009 367 1060 Aristaeus
386 1007 492 1073 fugiens
512 1006 613 1058 Peneia
631 1004 741 1072 Tempe,

107 1083 229 1148 Amissis,
249 1088 281 1136 ut
298 1083 377 1150 fama,
397 1083 494 1150 apibus
511 1082 661 1150 morboque
679 1081 812 1146 fameque,

64 1204 72 1216 ,
103 1153 201 1211 Tristis
220 1159 255 1212 ad
274 1160 388 1212 extremi
409 1175 514 1211 sacrum
532 1163 614 1224 caput
632 1157 740 1210 adstitit
758 1156 851 1221 amuis,

106 1233 193 1287 Multa
212 1251 336 1302 querens,
356 1241 440 1302 atque
458 1235 508 1288 hac
526 1234 635 1286 adfatus
653 1250 717 1286 voce
735 1237 890 1298 parentem:
924 1243 961 1282 aa

104 1309 202 1378 Mater,
224 1312 328 1378 Cyrene
348 1317 444 1378 mater,
462 1328 532 1379 quae
551 1312 667 1378 gurgitis
685 1311 766 1363 huius

106 1386 166 1439 lma
184 1390 268 1454 terres,
288 1387 356 1454 quid
375 1405 418 1440 me
437 1387 577 1455 praeclara
596 1389 680 1455 stirpe
699 1387 847 1439 deorum-

105 1460 132 1513 Si
142 1461 231 1529 modo,
242 1459 323 1531 quein
333 1462 468 1531 perhibes,
478 1467 557 1530 pater
568 1467 610 1516 est
621 1462 804 1530 Thymbraeus
813 1462 946 1530 Apollo-

106 1538 226 1592 Invismn
245 1540 308 1592 fatis
328 1541 462 1608 genuistil
486 1543 534 1592 aut
553 1557 607 1607 quo
625 1538 675 1592 tibi
695 1539 781 1592 nostri

106 1613 202 1667 Pulsus
223 1618 312 1669 amorl
336 1616 402 1683 quid
420 1632 464 1669 me
483 1616 586 1669 eaelum
605 1632 716 1684 sperare
735 1614 864 1670 iubebasl
922 1629 958 1668 316

105 1690 146 1744 Ilu
165 1692 247 1744 etiam
267 1692 336 1745 hunc
354 1694 443 1761 ipsmu
461 1695 534 1746 vitae
554 1692 677 1746 mortalis
695 1692 832 1758 honorem,

54 1785 56 1792 ’
106 1767 191 1829 Quem
212 1767 278 1820 mihi
295 1769 339 1821 vix
357 1769 466 1836 frugum
486 1773 515 1822 et
532 1769 666 1836 pecudum
686 1768 810 1822 custodia
828 1767 923 1820 sollers

106 1844 202 1896 Omnia
221 1846 368 1914 temptanti
388 1847 542 1911 extuderat,
562 1849 591 1899 te
609 1851 705 1912 matre,
724 1845 853 1911 relinquo

106 1920 175 1991 Quin
194 1938 251 1988 age,
269 1925 298 1974 ct
316 1922 374 1988 ipsa
392 1939 473 1975 manu
491 1923 576 1975 felicis
595 1939 660 1976 erue
678 1922 765 1986 silvas,

107 1997 159 2049 Fer
172 1997 285 2050 stabulis
298 1999 434 2052 inimicum
447 2000 537 2066 ignem
551 2003 634 2067 atque
646 1999 769 2051 interfice
782 1997 884 2055 messis,
921 2008 957 2048 333

107 2073 162 2126 Ure
182 2079 246 2138 sata,
265 2079 294 2127 et
312 2075 429 2127 validam
447 2077 475 2126 in
493 2075 556 2129 vitis
574 2075 669 2128 molire
686 2075 840 2142 bipennem,

106 2150 192 2203 'lauta
210 2168 287 2204 meae
305 2152 327 2203 si
346 2155 375 2204 te
394 2155 525 2219 ceperunt
543 2151 637 2204 taedia
655 2151 749 2205 audis.

107 2229 145 2280 At
163 2231 252 2280 mater
270 2229 386 2279 sonitum
406 2228 525 2280 thalamo
544 2227 595 2280 sub
613 2227 730 2280 fluminis
747 2226 795 2280 alti

106 2303 202 2357 Sensit.
242 2303 309 2356 Eam
327 2305 427 2357 circum
447 2305 553 2358 Milesia
572 2305 672 2357 vellera
691 2302 833 2372 Nymphae

106 2379 267 2448 Carpebant,
287 2378 358 2446 hyali
376 2385 469 2433 saturo
487 2382 580 2433 fucata
597 2380 693 2445 colore,
920 2391 957 2431 336

106 2456 268 2523 Drymoque,
289 2455 461 2525 Xanthoque,
484 2457 630 2524 Ligeaque,
649 2455 873 2524 Phyllodoceque,

106 2532 257 2586 Caesariem
277 2533 377 2587 effusae
396 2535 510 2587 nitidam
528 2551 579 2602 per
597 2533 713 2586 candida
730 2532 805 2598 colla,

105 2607 228 2676 (Nesaee,
248 2609 373 2678 Spioque,
393 2610 548 2678 Thaliaque,
568 2606 794 2677 Cymodoceque,]

107 2685 281 2755 Cydippeque
299 2692 328 2741 et
348 2687 417 2741 flava
436 2688 570 2755 Lycorias,
589 2687 675 2740 altera
692 2687 775 2754 virgo,

111 2761 204 2815 Altera
222 2767 281 2818 tum
298 2766 400 2832 primos
421 2766 538 2818 Lucinae
559 2769 672 2832 experta
690 2763 804 2830 labores,
921 2770 957 2810 ³40

107 2836 217 2908 Clioque
236 2844 265 2894 et
284 2841 372 2894 Beroe
390 2860 473 2904 soror,
494 2841 668 2894 Oceanitides
686 2839 789 2906 ambae,

28 2977 30 2982 Ι
107 2915 211 2971 Ambae
230 2935 303 2985 auro,
322 2919 402 2986 pictis
421 2920 552 2972 incinctae
572 2917 688 2986 pellibus
706 2915 809 2980 arubae,

108 2993 199 3061 Atque
218 2995 334 3064 Ilphyre,
352 3000 435 3064 atque
454 2995 528 3064 Opis,
548 2998 576 3049 et
596 2996 662 3048 Asia
681 2993 809 3060 Deiopea,

109 3068 141 3122 ut
157 3071 270 3125 tandem
287 3072 382 3140 positis
401 3073 480 3126 velox
499 3072 639 3126 Arethusa
658 3070 773 3137 sagittis

109 3146 184 3200 luter
202 3164 268 3215 quas
286 3165 378 3202 curam
398 3150 526 3216 Clymene
544 3148 674 3201 narrabat
691 3147 798 3198 inanem
879 3181 882 3186 -
919 3153 955 3193 341

111 3222 225 3344 Volqani,
245 3224 398 3294 Martisque
416 3225 493 3278 dolos
512 3228 543 3278 et
559 3225 650 3277 dulcia
667 3224 747 3287 sur-ta,
