2152 3506
363 145 545 195 AENEIDOS
567 148 634 197 LIB.
658 151 710 198 111.
919 159 965 207 131

106 219 238 290 Deriguit
256 224 315 276 risu
333 225 361 277 ia
380 226 477 291 medio,
496 229 570 281 calor
589 247 651 284 ossa
669 231 796 302 reliquit;

105 297 233 367 Labitur,
252 303 281 352 et
299 301 379 368 longo
397 303 442 355 vix
460 305 572 360 tandem
591 311 715 377 tempore
733 311 819 367 latur:

106 372 218 427 Verane
237 380 265 428 te
284 376 373 446 farcies,
392 395 473 433 rerus
490 383 557 435 mihi
574 385 686 439 nuntius
704 386 803 451 adiere,
926 406 966 446 sm

105 449 180 502 Nato
200 451 268 505 deal
290 453 411 508 vivisnel
433 460 487 521 aut,
506 458 528 511 si
546 458 594 512 lux
612 461 684 516 alma
701 465 820 532 recessit,

105 525 215 578 Hector
231 527 278 580 ubi
297 531 356 583 estl
377 530 454 599 dixit,
472 533 653 606 lacrimasque
670 539 768 594 alludit
787 546 816 595 ot
833 559 940 599 omnem

104 599 228 668 Inplevit
245 603 363 658 clamore
380 606 475 662 locrnn.
513 610 566 664 Vix
585 629 670 680 pauca
687 616 787 671 surent'

102 675 225 730 Sublicio
245 683 273 732 ct
291 681 361 734 raris
379 683 506 738 turbatus
524 687 634 741 vocibus
652 690 738 745 hisco:

101 751 176 804 Viro
189 755 324 823 equidem,
337 757 475 827 vitamque
487 767 612 818 extrema
630 783 679 834 per
695 771 785 823 omnia
802 773 888 835 duco;
925 789 961 828 ³15

101 827 129 879 N
132 845 148 881 o
168 828 271 899 dubita,
289 849 352 886 nam
370 851 435 888 vera
453 839 536 892 vides.

100 903 182 958 ch!
205 907 266 974 quis
286 912 315 962 te
333 926 410 964 casus
429 913 563 970 deiectam
582 919 696 990 coningo
714 927 792 978 tanto

100 979 231 1049 llxcipit‘l
253 988 301 1038 aut
319 1002 389 1053 quae
408 989 491 1057 digna
508 994 574 1048 satis
592 996 700 1052 fortuna
718 1001 813 1055 revisit

74 1120 76 1124 ,
99 1055 232 1112 Hectoris
251 1061 481 1121 Andromachen?
503 1068 625 1136 Pyrrhia'
645 1077 776 1130 connubia
796 1083 905 1136 servasi

98 1130 209 1186 Deiecit
226 1136 329 1190 voltum
347 1143 377 1192 et
395 1141 514 1198 demissa
532 1163 597 1201 voce
615 1149 705 1205 locuta
723 1161 776 1208 cst:
920 1174 957 1213 am

98 1205 124 1260 Ο
143 1208 209 1262 felix
228 1228 282 1264 una
299 1218 364 1268 ante
382 1218 449 1272 alias
467 1221 602 1278 Priameia
619 1227 703 1295 virgo,

97 1283 240 1339 Hostilem
258 1289 295 1342 ad
312 1293 446 1348 tumulum
466 1297 562 1353 Troiae
580 1302 630 1356 sub
650 1306 792 1360 moenibus
811 1309 874 1362 altis

97 1359 180 1413 Iussa
196 1364 273 1430 mori,
293 1383 363 1434 quae
380 1372 493 1426 sortitus
512 1392 565 1429 non
584 1381 791 1450 periclitatos,

95 1435 123 1488 N
126 1453 157 1489 ec
176 1438 287 1494 victoris
304 1442 364 1497 heri
381 1447 475 1516 tetigit
493 1453 600 1520 eaptira
617 1455 720 1511 cubile!

94 1511 162 1578 Nos,
182 1515 273 1582 patria
289 1518 399 1575 incensa
416 1523 525 1580 diversa
543 1545 730 1601 persequere
748 1541 850 1605 vectae,
917 1556 953 1594 aas

94 1588 199 1656 Stirpis
219 1592 360 1651 Achilleae
377 1600 464 1654 fastus
482 1603 663 1676 iuvenemque
682 1613 836 1680 superbum,

92 1665 215 1719 Servitia
234 1670 334 1736 enixae,
352 1675 478 1743 tulimns;
501 1682 548 1748 qui
567 1682 672 1752 deindo,
692 1693 801 1743 secutus

92 1739 234 1796 Ledaeam
255 1746 423 1805 Hermionen
444 1753 728 1832 Lacedaemoniosque
747 1765 914 1835 hymenaeos

81 1815 141 1881 ‚hle
156 1817 259 1872 furnulo
271 1822 456 1896 famulamque
470 1832 576 1888 Heleno
588 1841 740 1894 transmisit
753 1843 913 1898 habendam.

91 1894 150 1945 Ast
168 1894 252 1962 illum,
272 1905 383 1968 ereptae
401 1921 499 1972 magno
518 1909 700 1970 inflammatus
718 1935 809 1973 amore
913 1937 949 1978 ³³0

91 1965 224 2037 Coniugis
242 1979 271 2027 et
287 1977 418 2033 scelerum
438 1982 528 2039 Furiis
547 1989 674 2059 agitatus,
693 1992 805 2049 Orestes

90 2043 203 2112 Excipit
221 2049 359 2106 incautum
378 2059 535 2128 pratriasque
554 2064 700 2120 obtruncat
717 2071 753 2122 ad
771 2090 838 2125 aras.

89 2117 185 2174 Morte
205 2124 379 2194 Neoptolemi
397 2149 544 2202 regnorum
562 2141 673 2195 reddita
692 2149 773 2198 cessit

89 2193 160 2248 Pars
180 2199 293 2270 lleleno,
312 2208 357 2274 qui
377 2209 510 2265 Chaonios
528 2219 686 2284 cognomine
705 2239 813 2291 coranos

89 2271 294 2346 Chaoniamque
312 2298 419 2339 omnem
438 2288 554 2344 Troiano
572 2309 588 2346 a
607 2294 716 2351 Chaone
735 2299 812 2366 dixit,
909 2323 944 2362 aas

89 2347 279 2422 Pergamaque
299 2358 465 2432 Iliacamque
483 2368 554 2436 iugis
571 2370 640 2426 hane
658 2375 766 2430 addidit
785 2396 880 2435 arcem.

88 2422 145 2476 Sed
163 2427 214 2480 tibi
234 2432 280 2498 qui
299 2451 407 2491 cursum
426 2444 508 2510 venti,
528 2463 598 2514 quae
616 2449 673 2504 lata
691 2452 793 2508 dedere
800 2457 808 2508 l

86 2501 149 2552 Aut
167 2503 290 2569 quisnam
308 2510 435 2578 ignarum
453 2521 553 2573 nostris
571 2522 641 2576 deus
659 2527 765 2595 adpulit
784 2532 856 2586 orisl

87 2573 160 2638 Quid
180 2595 248 2646 puer
267 2587 419 2644 Ascanius'l
437 2601 587 2663 ,superatne
606 2603 635 2653 et
653 2604 772 2657 vescitur
789 2623 862 2676 aura,

87 2651 176 2715 Quem
195 2656 245 2710 tibi
264 2660 318 2714 iam
336 2663 451 2721 Troia-
905 2703 941 2742 sn

85 2726 181 2796 Ecqua
199 2736 291 2790 tamen
309 2756 394 2807 puero
413 2750 456 2799 est
473 2749 589 2806 amissae
606 2769 672 2808 cura
689 2761 827 2825 parentis?

85 2801 193 2873 Ecquid
211 2809 238 2862 in
256 2815 398 2883 antiquam
417 2822 546 2878 virtutem
565 2830 722 2900 animosque
742 2836 826 2890 virilis

84 2878 120 2932 Et
138 2881 219 2950 paim
237 2889 348 2944 Aeneas
366 2898 559 2955 abavunculus
578 2907 680 2961 excitat
699 2910 821 2967 Hectori

83 2954 159 3010 Talia
176 2959 311 3019 fundebat
328 2967 472 3027 lacrimans
489 2977 639 3049 longosque
657 2985 746 3038 ciebat

83 3028 223 3089 Incassum
242 3037 332 3110 fletus,
350 3061 411 3099 cum
430 3066 489 3104 sese
506 3070 523 3106 a
541 3058 682 3111 moenibus
700 3060 781 3114 heros
902 3083 938 3121 sss

83 3104 235 3166 Priamides
252 3117 346 3172 multis
365 3121 488 3181 Helenus
506 3131 699 3186 comitantibus
717 3136 815 3204 adfert,

83 3183 292 3299 Adgnqscitque
310 3211 380 3260 suos,
399 3198 544 3274 laetusque
562 3206 598 3259 ad
615 3207 708 3260 limina
726 3209 809 3277 discit,
