2174 3502
97 134 144 182 163
327 131 356 178 P.
378 130 530 178 VERGILI
553 128 720 178 MARONIS

96 211 228 265 Omnibus
245 211 288 264 hic
306 212 447 265 oritanus
464 210 557 264 honos.
593 209 661 264 Tres
679 209 801 279 praemia
819 209 901 276 primi

97 287 248 356 Accipient,
266 287 389 355 flavaque
407 290 490 356 caput
508 289 654 341 nectentur
672 286 748 340 oliva.

97 363 204 417 Primus
222 381 323 432 equum
341 363 461 432 phaleris
480 363 612 431 insignem
630 361 719 416 victor
736 362 846 430 habeto,
914 377 957 418 alo

97 440 178 493 Alter
196 440 372 493 Amazoniam
390 440 547 508 pharetram
565 438 729 508 plenamque
746 439 854 507 sagittis

96 515 234 583 Threiciis,
252 516 308 570 lato
327 533 409 585 quam
427 515 659 584 circumplectitur
677 532 744 568 auro

96 592 218 661 Balteus,
237 597 265 647 et
284 593 366 646 tereti
385 592 525 646 subnectit
541 591 625 644 fibula
643 608 766 659 gemma;

96 668 206 723 'lentim
226 668 355 737 Argolica
372 668 423 722 hac
440 668 519 736 galea
537 669 682 721 contentus
700 667 784 722 abito.

97 745 175 798 Haec
192 744 240 798 ubi
258 745 339 811 dieta,
357 745 445 798 locum
462 743 582 812 capiunt,
601 743 733 812 signoque
751 747 866 812 repente
917 759 955 798 ms

96 820 254 889 Corripiuut
271 822 360 889 spatia
378 821 480 887 audito,
499 820 637 888 limenque
654 818 820 887 relinquunt,

97 897 182 951 Eltirsi
200 897 293 950 nimbo
312 897 421 963 similes,
440 896 520 949 simul
538 895 634 950 ultima
653 895 767 962 signant.

97 972 204 1026 Primus
222 972 281 1026 abit
297 972 432 1041 longeque
450 977 515 1026 ante
532 973 621 1025 omnia
638 988 752 1039 corpora
770 971 854 1024 Nisus

96 1048 209 1116 Emicat,
228 1051 257 1102 et
274 1049 363 1102 ventis
381 1051 411 1102 et
427 1048 547 1102 fulminis
565 1049 638 1100 ocior
655 1047 719 1112 alis;

98 1125 250 1178 Proxumus
268 1123 336 1189 huic,
356 1124 436 1191 longo
454 1124 504 1176 sed
521 1140 670 1190 proxumus
687 1123 839 1192 intervallo,
917 1139 958 1178 aaa

98 1202 257 1270 Insequitur
275 1201 379 1265 Salium
401 1201 490 1268 spatio
508 1204 571 1267 post
589 1199 691 1253 deinde
708 1199 804 1253 relicto

97 1277 206 1331 Tertius
225 1277 372 1346 Euryalus;

97 1353 297 1422 Euryalumque
311 1354 444 1422 Helymus
457 1353 584 1421 seqnitur
591 1373 598 1418 ;
618 1369 672 1420 quo
685 1352 786 1406 deinde
799 1351 850 1406 sub
861 1352 922 1420 ipso

96 1429 166 1484 Ecce
183 1430 256 1482 volat
273 1430 430 1498 calcemque
447 1428 515 1482 teria
532 1429 586 1481 iarn
604 1428 678 1481 calce
697 1429 802 1497 Diores,

97 1505 261 1560 Incumbens
278 1505 407 1571 lmmer03
429 1505 517 1573 spatia
534 1507 564 1558 et
581 1505 604 1557 si
622 1505 701 1572 plura
719 1505 866 1572 supersint,
916 1519 955 1558 aas

96 1581 229 1634 'transeat
247 1581 356 1649 elapsus
374 1581 457 1648 prior,
475 1581 668 1648 ambiguumve
686 1580 830 1648 relinquat.

97 1657 211 1725 lamque
229 1656 286 1710 lere
306 1656 393 1724 spatio
412 1659 536 1710 extremo
554 1657 674 1726 fessique
692 1656 743 1710 sub
761 1656 849 1725 ipsam

97 1731 191 1786 Finem
210 1731 403 1799 adventabant,
422 1732 474 1786 levi
492 1750 554 1786 cum
573 1733 703 1801 sanguine
721 1732 804 1786 Nisus

97 1808 211 1862 Labitur
228 1808 330 1874 infelix,
349 1808 435 1862 caesis
452 1813 484 1862 ut
501 1809 573 1862 forte
591 1809 711 1862 iuvencis

97 1884 186 1938 Fusus
197 1885 309 1938 humum
321 1883 470 1953 viridisque
483 1901 564 1953 super
576 1885 759 1938 madefecerat
770 1885 876 1940 herbas.
916 1899 956 1940 aaa

97 1961 151 2014 llic
168 1961 272 2014 iuvenis
290 1961 345 2013 iam
363 1961 450 2014 vietor
468 1977 552 2014 ovans
571 1960 686 2028 vestigia
703 1977 796 2030 presso

97 2037 181 2090 Haud
199 2038 287 2091 tenuit
305 2036 426 2091 titubata
444 2038 508 2106 solo,
527 2037 577 2090 sed
595 2053 697 2105 pronus
714 2036 741 2089 iu
759 2037 818 2104 ipso

97 2113 222 2168 Concidit
238 2114 423 2182 inmundoquo
441 2113 505 2166 fimo
523 2129 653 2181 sacroque
672 2129 774 2166 cruore.

96 2189 158 2242 Non
177 2192 268 2243 tamen
288 2190 405 2258 Euryali,
422 2207 477 2242 non
493 2189 540 2242 ille
558 2189 660 2242 oblitus
677 2205 816 2252 amorum;

96 2264 167 2317 Nam
187 2281 246 2318 sese
264 2266 391 2334 opposuit
410 2265 482 2319 Salio
500 2282 550 2334 per
567 2264 672 2318 lubrica
689 2281 818 2333 snrgcns;
916 2281 956 2320 aas

97 2339 148 2394 Ille
165 2344 258 2394 autem
276 2341 363 2410 spissa
380 2341 464 2394 iacuit
482 2341 623 2395 revolutus
640 2357 730 2394 arena.

95 2416 201 2469 Emicat
219 2416 358 2484 Euryalus,
376 2419 405 2470 et
423 2434 536 2480 munere
556 2417 643 2470 victor
661 2416 740 2470 amici

97 2491 188 2545 Prima
205 2496 290 2559 tenet,
309 2493 460 2562 plausuque
478 2494 552 2547 volat
570 2492 737 2561 fremituque
755 2493 881 2548 secundo.

97 2569 163 2622 Post
182 2568 315 2636 Helymus
334 2568 415 2636 subit,
434 2573 463 2624 et
481 2585 552 2624 nune
571 2569 655 2623 tertia
672 2569 763 2638 palma
781 2569 884 2622 Diores

97 2645 150 2698 llic
168 2649 258 2699 totum
276 2663 375 2700 caveae
392 2663 548 2701 consessum
566 2645 686 2715 ingentis
703 2649 732 2700 et
750 2662 798 2698 ora
916 2659 957 2698 aaa

96 2720 189 2774 Prima
206 2723 316 2789 patrum
334 2724 441 2790 magnis
460 2722 549 2776 Salius
569 2721 732 2776 clamoribus
749 2721 844 2789 inplet,
890 2724 892 2728 '

96 2798 283 2866 Ereptumque
302 2797 463 2851 dolo'reddi
482 2798 535 2853 sibi
552 2799 641 2868 poscit
659 2799 797 2852 honorem.

95 2873 213 2926 Tutatur
231 2873 307 2926 favor
326 2875 480 2942 Euryalum,
500 2875 683 2944 lacrimaeque
702 2875 824 2941 decorae,

96 2948 205 3002 (iratior
224 2952 253 3001 et
271 2948 384 3016 pulchro
402 2952 512 3005 veniens
530 2952 558 3004 in
576 2968 690 3020 corpore
711 2952 803 3004 virtus

96 3024 219 3076 Adiuvat
237 3027 265 3076 et
284 3041 382 3092 magna
399 3026 549 3094 proclamat
566 3043 632 3079 voce
651 3027 756 3095 Diores,
918 3039 959 3098 aas

95 3096 147 3160 Qui
166 3098 249 3150 subiit
267 3101 381 3167 palmae,
401 3101 558 3169 frustraque
576 3102 613 3154 ad
629 3101 751 3171 praemia
769 3101 844 3157 venit

94 3170 207 3235 Ultima,
226 3174 249 3224 si
267 3176 347 3240 primi
360 3177 439 3252 ¹Salio
456 3176 611 3230 reddantur
628 3177 751 3231 honores.
