2172 3506
359 152 540 201 AENEIDOS
558 152 628 201 ΜΒ,
648 151 699 202 XI.
910 157 957 201 299

101 240 198 294 Dicam
218 239 355 308 equidem,
366 239 431 294 licet
448 256 524 294 anne
539 239 606 294 mihi
620 243 791 310 mortemque
805 241 959 296 minetur-

101 317 220 370 Luruina
238 319 282 370 tot
298 315 430 370 cecidisse
448 315 549 370 ducum
566 319 709 386 totamque
727 317 853 372 videmus

102 392 267 446 Consedisse
285 391 382 446 urbem
399 392 482 456 luctu,
501 392 568 446 dum
586 392 667 447 Troia
683 396 803 459 temptat
923 409 959 448 eso

101 469 211 536 Castra,
228 467 311 535 fugae
329 467 425 533 fidens,
443 471 474 522 ot
491 468 596 522 caelum
614 471 727 523 territat
743 470 835 524 anuis.

103 543 196 599 Unum
214 542 298 598 etiam
316 543 395 598 donis
412 544 480 612 istis,
499 561 570 612 quae
587 544 706 612 plurima
724 544 797 600 mitti

102 620 273 674 Dardanidis
290 621 400 689 dicique
418 620 502 686 iubes
520 637 612 688 unum,
631 625 743 689 optume
761 637 866 690 regum,

103 697 243 762 Adiieias3
267 713 317 751 nee
335 700 365 750 te
382 696 463 753 ullius
481 696 612 752 violentia
628 698 727 765 vincat,

102 775 177 839 Quin
193 779 287 830 natam
305 775 415 844 egregio
432 792 533 844 genero
552 775 698 844 dignisque
715 776 871 843 hymenaeis
922 789 959 827 ass

102 851 161 904 Des
178 854 265 919 peter,
284 855 314 905 et
331 868 426 920 pacem
444 852 513 905 hanc
531 855 643 905 aeterno
660 852 773 906 foedere
791 851 891 904 firmes

102 927 185 992 Quod
202 928 226 980 si
243 931 337 982 tantus
355 928 440 982 habet
458 932 564 982 montes
582 932 611 982 et
629 932 740 996 pectora
757 932 854 994 terror,

102 1003 199 1071 Ipsum
218 1003 397 1070 obtestemur,
417 1003 577 1072 veniamque
596 1021 704 1057 oremus
722 1003 757 1056 ab
775 1004 847 1073 ipso:

103 1078 202 1144 (ledat,
220 1079 263 1133 ius
280 1081 420 1148 proprium
439 1080 495 1147 rogi
514 1081 675 1148 patriaeque
693 1081 824 1135 remittet.

103 1154 177 1219 Quid
194 1156 308 1209 miseros
325 1156 425 1209 totiens
443 1156 471 1207 iu
490 1161 586 1224 aperta
603 1156 723 1225 pericula
741 1156 807 1209 ciris
922 1169 959 1209 300

104 1231 225 1297 Proiicis,
244 1247 260 1284 ο
279 1231 358 1285 Latio
375 1235 458 1300 caput
476 1231 571 1284 horum
590 1236 619 1285 ct
637 1249 733 1285 caussa
749 1231 900 1286 maloruml

103 1305 188 1360 Nulla
205 1308 277 1361 salus
295 1307 381 1373 bello;
406 1323 499 1376 pacem
519 1312 548 1361 te
566 1309 703 1376 poscimus
721 1323 823 1374 omnes,

102 1382 202 1450 Turne,
221 1383 301 1437 simul
318 1384 393 1451 pacis
411 1384 497 1437 solum
517 1383 670 1438 inviolabile
688 1383 794 1452 pignus.

103 1457 213 1512 Primus
231 1476 289 1527 ego,
308 1459 423 1514 invisum
442 1476 524 1530 quern
543 1463 575 1512 tu
593 1459 644 1513 tibi
663 1459 750 1527 fingis,
769 1462 799 1512 ot
816 1475 876 1513 esse

103 1533 150 1588 Nil
168 1551 267 1602 moror,
279 1552 312 1589 on
332 1537 445 1605 supplex
465 1537 550 1589 venio.
587 1535 719 1590 Miserere
733 1539 851 1601 tuorum,
921 1549 958 1590 303

103 1610 179 1664 Pone
197 1611 307 1678 animos,
326 1616 355 1665 et
372 1612 466 1680 pulsus
484 1611 535 1666 nbi.
573 1613 622 1666 Sat
640 1611 735 1666 funera
752 1610 806 1664 fusi

102 1685 239 1754 Vidimus,
257 1687 375 1756 ingentis
394 1692 422 1741 ot
439 1687 622 1742 desolavimus
641 1705 728 1756 agros.

103 1763 172 1830 Aut,
190 1763 213 1816 si
230 1763 303 1816 fama
320 1768 418 1830 moret,
437 1765 459 1817 si
479 1768 587 1818 tantum
605 1769 717 1833 pectore
735 1763 819 1817 robur

103 1837 236 1907 Concipis‚
255 1840 323 1892 etsi
342 1840 411 1896 adeo
430 1840 530 1894 dotalis
547 1841 624 1908 regia
642 1839 717 1894 cordi
736 1843 786 1908 est,

103 1914 196 1978 Aude,
207 1918 291 1984 atque
309 1916 455 1968 adversum
473 1916 561 1969 fidens
576 1916 618 1969 fer
632 1920 728 1984 pectus
742 1916 770 1968 in
784 1915 898 1969 hostem.
921 1930 958 1970 370

102 1989 220 2057 Scilicet,
237 1993 269 2044 ut
287 1990 377 2043 'furno
396 1992 537 2059 contingat
555 1992 630 2060 regia
648 1992 772 2058 coniunx,

102 2065 129 2118 N
131 2081 170 2131 os,
188 2065 295 2119 animae
312 2067 387 2134 viles,
404 2067 545 2122 inhumata
562 2068 710 2136 infletaque
728 2067 818 2133 turbe,

103 2141 264 2195 Sternamur
281 2144 390 2212 campis.
428 2144 518 2196 litiani
536 2147 576 2211 tu,
595 2144 617 2196 si
635 2160 690 2211 qua
707 2141 759 2196 tibi
777 2143 825 2210 vie,

103 2217 133 2270 Si
150 2219 233 2286 patrii
252 2218 319 2286 quid
337 2218 436 2274 Martis
455 2219 546 2286 habes,
565 2220 641 2272 illum
661 2218 751 2288 aspice
769 2222 871 2286 eontra,

103 2293 157 2358 Qui
177 2297 262 2348 vocat
922 2309 958 2350 333

139 2369 250 2424 Talibus
268 2371 371 2425 exarsit
389 2371 471 2426 dictis
489 2372 617 2427 violentia
636 2373 739 2437 l'urni;

104 2441 160 2499 Dat
177 2446 318 2513 gemitum,
335 2449 493 2516 rumpitque
511 2448 560 2502 has
577 2449 632 2502 imo
650 2453 761 2517 pectore
778 2465 872 2504 rocos:

105 2519 194 2588 Larga
212 2521 331 2591 quidem,
350 2523 467 2588 Drance,
488 2541 597 2592 semper
615 2524 666 2578 tibi
684 2525 761 2591 copia
778 2523 853 2576 feudi

104 2595 181 2664 Tum,
198 2613 260 2650 cnm
278 2597 351 2652 bella
368 2602 464 2653 marius
482 2604 611 2668 poscunt;
634 2599 814 2668 patribusque
831 2599 935 2652 vocetis

105 2671 213 2725 Primus
226 2673 301 2727 ades
340 2674 394 2728 Sed
413 2691 467 2728 non
483 2675 615 2744 replenda
634 2679 677 2728 est
695 2674 770 2727 curia
787 2674 885 2739 verbis,
920 2689 958 2727 330

104 2747 180 2812 Quae
197 2752 259 2803 tuto
277 2749 330 2803 tibi
348 2767 446 2819 magna
463 2752 561 2813 volant,
578 2751 644 2804 dum
662 2751 778 2804 distinet
796 2749 902 2804 hostem

103 2825 200 2892 Agger
217 2841 366 2894 murorum,
383 2843 434 2880 neo
450 2827 585 2881 inundant
603 2827 733 2895 sunguine
751 2827 846 2880 fossae.

104 2900 224 2954 Proinde
243 2904 309 2956 tona
328 2902 443 2972 eloquio,
461 2904 572 2960 solitum
592 2903 657 2968 tibi;
681 2918 780 2970 meque
800 2901 906 2954 timoris

104 2978 200 3044 Argue
217 2980 257 3043 tu,
275 2976 390 3045 Drance,
409 2980 518 3047 quando
536 2982 579 3032 tot
597 2979 697 3048 stragis
714 2992 823 3030 acervos

103 3051 270 3106 Teucrorum
288 3058 337 3108 tua
355 3053 454 3109 dextra
471 3054 556 3120 dedit,
575 3055 730 3124 passimque
747 3050 867 3120 tropaeis
920 3064 957 3104 333

104 3128 224 3198 Insignis
242 3146 330 3197 agros.
369 3131 459 3186 Possit
477 3131 544 3200 quid
562 3130 653 3184 viride
670 3129 764 3195 virtus,
994 3143 998 3148 ·

104 3203 255 3272 Experiere
273 3205 352 3271 licet;
372 3223 422 3260 nec
440 3208 519 3272 longe
537 3207 639 3258 scilieet
656 3203 749 3258 hostes

66 3315 69 3321 .
170 3281 200 3326 al
