2172 3506
350 169 533 218 AENEIDOS
551 171 625 218 LIB:
637 171 704 220 XII.
917 171 962 222 317

110 253 214 306 Oblato
233 251 356 319 gaudens
374 252 488 320 conponi
506 252 617 306 foedere
635 252 744 306 bellum.

5 319 6 330 ³
109 329 181 382 'Pum
200 328 287 381 socios
305 329 457 394 maestique
476 331 580 381 metum
598 330 702 382 solatur
721 329 783 396 Iuli,
929 345 965 384 uo

111 405 183 458 Fata
201 405 310 468 docens,
328 404 441 472 regique
459 403 536 458 iubet
554 421 683 473 responsa
702 406 801 459 Latino

111 482 198 535 Certa
216 480 321 532 referre
338 479 418 546 viros,
438 483 466 533 et
484 481 558 548 pacis
576 481 667 534 dicere
685 482 766 549 leges.

149 557 266 610 Postera
283 557 329 608 vix
348 573 467 610 summos
486 559 633 626 spargebat
650 559 752 612 lumine
770 559 871 612 montis

112 633 184 686 (lrta
201 633 268 699 dies,
286 649 347 686 cum
365 633 484 701 primum
502 634 558 687 alto
577 651 606 687 se
624 635 734 701 gurgite
752 635 851 688 tollunt

112 709 184 762 Solis
204 709 275 778 equi,
293 709 436 777 lucemque
454 710 533 762 elatis
550 709 662 763 naribus
680 710 779 773 efflant,
927 725 963 764 111

113 785 246 853 Campum
265 785 301 838 ad
319 787 457 838 certamen
474 802 589 853 magnae
607 785 658 838 sub
676 787 818 839 moenibus
836 785 913 838 urbis
1048 785 1051 790 “

113 861 238 915 Dimensi
257 861 409 929 Rutulique
426 861 478 914 viri
496 862 647 930 'l‘eucrique
665 862 806 930 parabant,

114 937 149 990 In
167 937 313 1005 medioque
331 937 404 990 focos
422 941 451 990 et
468 937 512 990 dis
530 938 718 991 communibus
735 955 796 992 aras

114 1013 282 1066 Gramineus,
318 1012 375 1066 Alii
393 1013 551 1081 fontemque
569 1013 714 1081 ignemque
731 1014 865 1081 ferebant,

114 1089 209 1143 Velati
226 1089 298 1154 limo,
316 1092 345 1142 et
363 1088 482 1143 verbena
499 1092 624 1157 tempora
642 1091 733 1144 vincti.
927 1104 963 1142 rm

5 1189 6 1228 3
114 1164 246 1218 Procedit
263 1165 335 1233 legio
355 1165 532 1227 Ausonidum,
550 1164 690 1234 pilataque
708 1166 797 1234 plenis

5 1293 6 1320 ἶ
114 1241 235 1309 Agmina
252 1257 282 1294 se
299 1241 418 1294 fundunt
436 1241 532 1309 portis.
569 1241 643 1294 Hinc
662 1241 757 1294 Troius
774 1241 862 1296 omnis

114 1317 325 1386 Tyrrhenusque
343 1317 399 1370 ruit
417 1317 499 1370 variis
518 1317 654 1370 exercitus
672 1318 762 1383 1111111,

5 1391 7 1428 l
114 1392 199 1445 Haud
219 1407 297 1446 secus
315 1392 440 1446 instructi
460 1391 539 1454 ferre,
558 1409 639 1460 quam
658 1392 680 1445 si
699 1409 795 1460 aspera
813 1392 912 1446 Martis

5 1501 6 1524 l
113 1467 212 1536 Pugna
230 1473 315 1522 vocet.
351 1469 481 1522 Necnon
499 1469 644 1522 mediisin
661 1469 771 1521 milibus
789 1468 840 1536 ipsi
928 1484 962 1522 111

5 1535 7 1584 l
114 1543 251 1598 Ductores
269 1561 335 1598 auro
353 1545 468 1598 volitant
486 1548 616 1612 ostroque
634 1544 752 1613 superbi,

114 1621 152 1674 Et
169 1637 256 1688 genus
275 1621 402 1682 Assaraci
421 1621 588 1688 Mnestheus,
607 1625 635 1674 et
652 1621 731 1674 sortis
750 1621 849 1688 Asilas,

114 1697 152 1749 Et
170 1697 312 1765 Messapus
330 1713 432 1765 equum
449 1697 576 1764 domitor,
595 1696 734 1766 Neptunia
751 1698 848 1767 proles.

114 1772 211 1840 thue
230 1771 295 1825 dato
313 1773 389 1841 signo
408 1773 497 1841 spatia
514 1773 543 1825 in
561 1789 609 1825 sua
628 1774 744 1840 quisque
761 1773 881 1838 recessit,

5 1857 6 1912 T
115 1847 248 1916 Deligunt
265 1848 357 1902 telluri
376 1848 469 1901 hastas
486 1853 515 1901 et
533 1851 611 1902 scuta
629 1848 768 1902 reclinant.
924 1861 959 1900 110

5 1921 7 1958 ³
115 1923 184 1976 'lum
204 1924 295 1978 studio
313 1924 415 1978 elimae
434 1927 536 1977 matres
554 1927 584 1976 ct
601 1924 695 1991 volgus
714 1924 847 1977 inermum

116 1999 289 2068 luvulidique
308 2015 386 2054 senes
403 1999 489 2053 turris
507 2004 535 2053 et
553 2003 628 2054 tecta
645 2000 786 2052 domorum

115 2074 265 2141 Obsedere,
284 2075 330 2129 alii
348 2075 436 2144 portis
454 2074 617 2128 sublimibus
634 2075 752 2128 adstant.

151 2155 193 2204 At
212 2152 281 2204 Iuno
300 2168 316 2204 e
334 2167 447 2218 summo,
466 2151 513 2219 qui
531 2167 602 2204 nuuc
622 2150 746 2204 Albanus
764 2150 923 2218 habetur,-

115 2227 185 2300 Tum
196 2243 286 2294 neque
298 2244 396 2280 nomen
409 2230 470 2280 erat
482 2243 532 2281 noo
544 2227 628 2280 honos
642 2231 690 2280 aut
702 2227 788 2294 gloria
799 2227 920 2280 monti-

116 2303 288 2372 Prospicieus
300 2303 405 2356 tumulo
418 2319 542 2371 campum
555 2302 716 2370 aspectabat
727 2305 757 2355 et
768 2302 861 2355 ambas
930 2317 964 2355 110

5 2361 7 2396 ³
116 2378 286 2432 Laurentum
305 2379 460 2447 Troumque
477 2380 549 2432 acies
566 2379 717 2448 urbemque
736 2379 836 2432 Latini.
944 2401 945 2404 ¹

5 2457 6 2528 J
117 2454 263 2523 Extemplo
281 2454 365 2508 Turni
383 2455 421 2508 sic
440 2458 483 2508 est
501 2455 594 2508 adfata
612 2471 739 2522 sororem,

117 2529 186 2583 Diva
204 2530 292 2597 deam,
310 2531 414 2598 stagnis
432 2547 503 2598 quae
521 2523 733 2598 fluminibusque
751 2530 857 2583 sonoris

118 2605 275 2670 Praesidet3
292 2606 364 2660 bunc
381 2607 421 2659 illi
439 2624 488 2659 rex
507 2606 626 2660 aetheris
645 2605 717 2658 altus
735 2605 864 2657 honorem
930 2621 965 2658 111

118 2681 243 2750 Iuppiter
260 2685 356 2751 erepta
372 2699 423 2750 pro
441 2683 598 2750 virginitate
618 2681 745 2740 sacravit:

116 2757 251 2826 Nympha,
269 2758 352 2812 decus
370 2758 520 2824 ssuviorum,
539 2757 629 2811 auimo
647 2756 803 2826 gratissima
819 2760 920 2823 nostro,

5 2873 6 2910 ,
117 2833 180 2899 Scis,
197 2838 230 2888 ut
247 2837 276 2888 te
293 2835 398 2888 cunctis
415 2851 504 2902 unam,
523 2849 711 2903 quaecumque
731 2833 844 2886 Latinae

5 2925 6 2930 ’
117 2908 283 2979 Magnanimi
302 2910 375 2963 lovis
392 2911 530 2978 ingratum
547 2909 693 2963 ascendero
711 2908 807 2975 cubile,

55 3025 62 3038 ,
117 2985 306 3052 Praetulerim,
324 2986 447 3054 caelique
465 2985 553 3038 libens
571 2987 598 3038 in
616 2988 696 3052 parte
714 2983 837 3036 locarim:
891 3051 892 3054 Ἴ
928 2995 964 3035 141

116 3059 198 3114 Disce
215 3066 302 3129 tuum,
320 3077 355 3114 no
366 3079 416 3115 rue
434 3061 549 3128 incuses,
567 3061 689 3126 Iuturna,
709 3059 837 3112 dolorem.

117 3137 176 3200 Qua
193 3137 253 3190 visa
269 3140 314 3190 est
330 3137 442 3190 fortuna
459 3137 517 3206 pati
537 3137 692 3202 Parcaeque
709 3133 837 3187 sinebant

6 3277 7 3280 Ἴ
118 3212 221 3266 Cedere
238 3229 285 3267 res
304 3213 529 3279 Latia-Turnum
547 3217 576 3264 et
593 3215 642 3264 tua
658 3209 766 3261 moenia
784 3209 855 3262 texi:
