2154 3518
124 116 155 162 ts
353 113 382 162 P.
403 112 556 160 VERGILI
579 113 747 162 MARONIS

122 191 248 258 Victoris,
266 195 332 256 turn,
351 208 420 260 quos
437 191 528 244 amisit
548 191 656 258 inultus,
675 208 795 256 artiores3

122 268 158 320 llt
176 266 284 320 stabula
302 265 464 334 adspectans
482 268 574 334 regnis
593 269 710 322 excessit
728 269 814 322 avitis

70 343 194 414 szllrgo
214 342 285 395 omni
304 359 369 394 cura
387 341 452 396 viris
470 347 589 407 exercet,
609 348 638 397 et
655 344 728 397 inter

122 419 197 470 Dura
214 417 285 470 iacet
302 435 406 486 pernox
425 417 541 472 instrato
560 436 625 472 saxa
643 419 732 488 cubili,

122 493 276 548 llrondibus
294 494 408 548 hirsutis
426 499 455 548 et
472 494 559 549 carice
578 499 673 562 pastus
690 501 777 563 acuta,

84 577 114 638 l)
121 571 156 624 llt
174 574 293 639 temptat
313 587 379 638 sese,
398 574 482 639 atque
500 571 580 624 irasci
598 571 624 623 in
645 589 745 626 cornua
762 572 843 626 discit

122 647 238 700 Arboris
256 647 371 701 obnixus
390 651 494 715 trunco,
513 652 663 716 ventosque
681 648 790 702 lacessit

122 723 234 790 lctibus,
253 726 281 776 et
300 739 393 791 sparsa
411 723 447 776 ad
465 741 584 791 pugnam
602 723 724 792 proludit
741 741 830 778 arena

121 799 193 864 Post,
213 799 259 852 ubi
279 799 422 852 collectum
440 799 524 853 robur
542 800 669 868 viresque
688 801 814 868 refectae,
947 819 988 856 aaa

120 877 203 944 Signa
221 880 317 940 movet,
335 893 522 945 praecepsque
540 875 655 929 oblitum
673 877 763 930 fertur
780 878 808 930 in
826 878 960 944 lrostenr;

121 953 233 1006 Fluctus
251 953 291 1004 uti
309 951 400 1004 medio
418 953 507 1022 coepit
525 969 586 1005 cum
605 951 744 1006 albescere
761 956 845 1022 ponto

120 1027 247 1096 Longius,
265 1046 300 1081 ex
318 1027 428 1096 altoque
447 1030 535 1082 sinum
553 1028 652 1094 trehit;
670 1033 756 1098 utque
774 1030 883 1082 volutus

46 1141 48 1145 v
121 1106 168 1159 Ad
185 1109 273 1159 terras
291 1106 399 1158 inmane
417 1108 495 1158 sonat
512 1122 562 1174 per
580 1121 653 1174 saxa,
670 1123 760 1174 neque
778 1107 836 1174 ipso

120 1181 214 1235 Monte
233 1182 320 1234 minor
337 1181 505 1249 procumbit:
524 1186 553 1235 at
571 1183 625 1235 ima
643 1186 786 1235 exaestuat
803 1181 877 1234 unda
943 1199 984 1237 aso

119 1257 283 1327 Verticibus,
301 1258 462 1327 nigramque
480 1258 535 1311 alte
555 1257 690 1311 subiectat
709 1274 826 1311 arenam.

154 1335 240 1389 Omne
252 1335 321 1388 adeo
333 1352 420 1403 genus
432 1335 459 1387 in
477 1336 558 1388 terris
576 1335 770 1402 hominumque
788 1335 980 1403 ferarumque,

120 1413 156 1466 Et
173 1429 258 1479 genus
276 1428 449 1480 aequoreum,
469 1412 596 1480 pecudes,
614 1411 757 1479 pictaeque
776 1411 906 1475 volucres,

119 1488 154 1541 Iu
172 1488 255 1540 furias
273 1488 419 1555 ignemque
437 1491 527 1540 ruunt.
566 1490 652 1539 Amor
670 1487 794 1540 omnibus
812 1486 892 1539 idem.

119 1564 251 1630 ‘lempore
270 1580 322 1615 nou
342 1563 393 1616 alio
412 1563 562 1616 catulorum
582 1563 667 1616 oblita
685 1563 779 1616 leaena
939 1579 978 1618 ara

119 1640 229 1694 Saevior
248 1640 350 1692 erravit
368 1641 477 1707 campis,
497 1655 547 1691 nec
564 1639 660 1692 funera
678 1640 756 1706 volgo

71 1729 94 1763 ‘a
120 1717 184 1768 Tam
204 1716 289 1767 multa
306 1715 435 1768 informes
453 1714 509 1767 ursi
528 1720 703 1783 stragemque
722 1716 823 1769 dedere

120 1792 173 1845 Per
192 1793 286 1856 silvas;
305 1795 365 1843 tum
384 1808 480 1844 saevus
498 1808 571 1859 aper,
590 1795 648 1844 tum
667 1793 785 1860 pessima
802 1792 897 1858 tigris;

120 1870 190 1933 Heu,
210 1869 357 1921 maletum
376 1867 477 1936 Libyae
496 1868 559 1921 solis
578 1872 685 1921 erratur
704 1868 731 1920 in
749 1868 827 1935 agris.

120 1945 216 1998 Nonne
234 1944 318 2011 rides,
337 1948 369 1998 ut
387 1947 447 1998 teta
464 1949 568 1998 tremor
586 1947 756 2013 pertemptet
774 1959 905 2012 equorum
936 1960 976 2000 250

120 2022 247 2090 Corpora,
266 2022 288 2075 si
307 2025 415 2075 tantum
433 2025 510 2075 notas
529 2022 596 2075 odor
614 2021 709 2074 attulit
727 2023 824 2074 aurasl

120 2100 162 2151 Ae
179 2116 267 2168 neque
287 2115 333 2152 eos
351 2099 403 2152 iam
422 2099 499 2152 frena
518 2099 612 2166 virum,
631 2114 720 2164 neque
738 2097 853 2149 verbera
870 2113 960 2166 saeva,

119 2174 181 2227 Non
199 2175 301 2242 scopuli
319 2191 456 2243 rupesque
475 2191 556 2227 cavae
574 2177 659 2242 atque
677 2173 784 2227 obiecta
802 2176 948 2229 retardent

119 2250 252 2316 Flumina,
271 2254 464 2317 correptosque
482 2250 556 2302 unda
574 2251 732 2317 torquentia
749 2252 856 2304 montis.

120 2327 183 2393 Ipse
203 2327 259 2378 ruit
277 2325 430 2393 dentesque
450 2324 599 2377 Sabellicus
618 2326 726 2380 exacuit
744 2344 796 2395 sus,
936 2344 974 2382 255

119 2403 154 2456 Et
172 2402 242 2470 pede
260 2401 415 2470 prosubigit
434 2406 543 2467 terram,
564 2401 645 2455 fricat
665 2403 761 2457 arbore
780 2394 877 2472 costas,

118 2481 214 2547 Atque
234 2478 297 2530 hinc
316 2480 400 2546 atque
419 2477 492 2531 illinc
509 2478 636 2532 humeros
655 2478 691 2532 ad
709 2480 820 2534 volnera
839 2481 926 2535 durat

119 2555 191 2620 Quid
209 2555 321 2620 iuvenis,
340 2571 469 2624 magnum
488 2556 531 2608 cui
550 2558 689 2610 versatio
708 2558 814 2612 ossibus
833 2558 924 2624 ignem

118 2632 209 2684 Durus
228 2633 319 2685 amorl
357 2632 463 2701 Nempe
483 2633 609 2701 abruptis
629 2634 742 2687 turbata
760 2635 884 2702 procellis

118 2707 143 2760 N
146 2711 206 2761 octe
224 2711 302 2761 natat
321 2726 400 2763 caeca
418 2726 494 2762 serus
513 2710 599 2774 freta;
618 2728 700 2779 quem
719 2727 801 2778 super
818 2711 914 2776 ingens
935 2725 973 2767 eae

119 2784 203 2838 Porta
221 2789 299 2838 tonat
317 2787 392 2854 caeli,
411 2791 439 2840 et
458 2787 574 2856 scopulis
593 2787 672 2840 inlisa
691 2787 838 2841 reclamant

118 2862 264 2929 Aequora3
282 2879 332 2916 nec
350 2864 442 2917 miseri
461 2867 576 2932 possunt
595 2880 723 2916 revocare
741 2867 878 2930 parentes,

118 2936 176 2988 Nec
194 2940 325 2992 moritura
343 2956 425 3006 super
444 2939 547 2991 crudeh
565 2939 661 2991 iuuere
680 2939 762 3004 virgo,

118 3011 190 3073 Quid
208 3014 297 3081 lynces
315 3014 416 3071 Bacchi
434 3014 525 3066 variae
544 3017 572 3066 et
589 3030 676 3081 genus
695 3029 756 3064 acre
773 3014 898 3078 luporum

119 3087 213 3153 Atque
231 3091 343 3143 canum?
363 3089 437 3158 quid,
457 3105 527 3156 quae
544 3088 658 3140 inbelles
677 3087 744 3137 dant
761 3089 864 3153 proelia
882 3093 972 3144 cervia

119 3159 228 3213 Scilicet
245 3167 309 3216 ante
327 3164 415 3215 onnris
433 3164 509 3214 furor
528 3167 570 3214 cst
588 3162 700 3225 ins'guis
718 3177 866 3227 equarum,
936 3182 967 3220 ιζ
