2174 3502
380 161 455 207 AEN
458 161 562 208 EIDOS
585 161 653 210 LIB.
678 161 757 212 VIII.
934 165 981 211 233

128 241 280 294 Accessmu
297 239 417 292 lustrans
435 239 487 293 huc
505 256 553 293 ora
570 240 678 294 ferebat
696 244 725 294 et
742 241 812 309 illue,

126 314 268 370 Dentibus
285 315 450 369 infrendens,
486 317 539 369 'Fer
557 319 647 370 totum
658 317 782 371 fervidus
798 319 840 374 ira
948 333 985 372 rso

128 393 244 446 Lustrat
264 392 396 445 Aventini
414 395 550 458 montcm余
573 396 619 446 ter
636 410 719 447 saxea
736 397 856 464 temptat

127 469 238 522 Limina
255 469 436 536 nequiquam余
460 472 504 522 ter
521 469 609 523 fessus
627 470 697 524 valle
714 471 824 525 resedit.

127 546 228 599 Stabat
246 549 327 598 acuta
346 545 421 612 silex,
438 546 569 613 praecisis
586 547 708 615 undique
727 548 799 600 saxis

126 621 281 690 Speluncae
299 621 381 674 dorso
398 622 550 690 insurgens,
567 623 699 676 altissima
717 625 783 691 visu,

127 698 258 751 Dirarum
276 697 350 750 nidis
368 698 465 751 domus
483 702 636 767 opportuna
653 700 799 753 volucrum.
947 715 982 755 111

128 775 217 842 lianc,
235 779 267 828 ut
284 791 371 848 prona
387 775 451 842 iugo
470 775 576 828 laevum
594 775 770 828 incumbebat
787 776 823 828 ad
837 789 943 827 amnem

127 851 236 906 Dexter
253 852 281 903 in
299 851 443 904 adversum
462 853 552 905 nitens
570 853 712 919 concussit,
731 856 760 906 ct
778 854 840 905 imis

127 928 261 980 Avolsam
280 928 360 980 solvit
378 927 529 992 radicibus余
552 928 618 981 inde
636 933 749 997 repente

129 1004 250 1071 Inpulit余
271 1004 380 1072 inpulsu
398 1021 452 1072 quo
470 1021 612 1057 maxumus
631 1005 737 1058 intonat
755 1003 860 1070 aether,

127 1078 285 1134 Dissrdtant
303 1081 379 1148 ripae
397 1081 544 1148 refluitque
563 1081 712 1135 exterritus
730 1083 823 1134 ansuis.
945 1097 982 1135 111

128 1158 169 1210 At
189 1173 286 1224 specus
304 1160 333 1209 ct
352 1157 415 1209 Caci
434 1157 545 1210 detecta
562 1156 688 1226 adparuit
705 1158 801 1226 ingens

128 1233 226 1302 Regia,
244 1237 273 1286 et
290 1233 434 1286 umbrosae
451 1234 559 1300 penitus
577 1237 693 1302 patuere
712 1251 858 1288 cavernae:

127 1311 191 1363 Non
210 1327 294 1376 secus,
313 1327 344 1362 ac
362 1309 384 1361 si
404 1325 458 1377 qua
475 1309 585 1377 penitus
603 1310 630 1362 vi
648 1313 723 1363 terra
741 1310 884 1362 dehiscens

127 1387 256 1439 Infernas
274 1390 380 1439 reseret
398 1387 477 1438 sedes
497 1388 526 1438 et
544 1403 628 1453 regna
646 1385 771 1440 recludat

128 1462 245 1529 Pallida,
264 1462 306 1516 dis
323 1463 415 1528 invisa,
434 1478 571 1531 superque
589 1461 698 1514 inmane
715 1461 874 1514 barathrum
946 1477 981 1516 115

127 1540 274 1606 Cernatur,
293 1538 489 1607 trepidentque
507 1538 617 1590 inmisso
636 1537 738 1591 lumine
757 1538 859 1591 Manes.

129 1616 204 1682 Ergo
222 1615 362 1683 insperata
380 1615 545 1682 deprensum
563 1615 591 1666 in
609 1614 668 1668 luce
687 1618 800 1684 repente

130 1691 326 1758 lnclusumque
344 1707 409 1743 cavo
428 1707 493 1743 saxo
512 1693 597 1758 atque
614 1691 721 1744 insueta
739 1690 885 1745 rudentem

129 1767 257 1836 Desuper
274 1767 386 1820 Alcides
404 1767 466 1822 telis
485 1767 592 1835 premit,
612 1769 754 1836 omniaque
773 1783 849 1820 arma

129 1843 265 1909 advocat,
284 1847 313 1896 ct
331 1844 413 1896 ramis
431 1843 570 1909 vastisque
588 1843 735 1896 molaribus
754 1844 845 1897 instat.
946 1859 981 1896 aso

131 1919 183 1972 1116
201 1923 301 1984 autem,
319 1937 409 1988 neque
428 1919 499 1972 enim
518 1920 583 1986 fuga
600 1920 653 1972 iarn
672 1937 754 1988 super
771 1919 827 1972 ulla
845 1920 945 1987 pericli,

129 1995 265 2049 Faucibus
283 1997 420 2063 ingentem
439 1995 550 2061 fumum,
568 1995 692 2048 mirabile
710 1996 793 2062 dictu,

129 2071 240 2125 Evomit
257 2072 424 2140 involvitque
443 2071 553 2125 domum
572 2072 686 2140 caligine
704 2087 791 2139 caeca,

131 2148 310 2216 Prospectum
329 2149 447 2216 eripiens
465 2148 554 2212 oculis,
573 2149 761 2216 glomeratque
779 2147 830 2200 sub
848 2153 926 2202 antro

131 2224 298 2277 Fumiieram
315 2227 423 2277 noctem
442 2225 595 2278 commixtis
613 2225 675 2292 igne
693 2223 821 2278 tenebris.
945 2239 981 2278 255

129 2300 192 2353 Non
210 2300 276 2353 tulit
295 2300 406 2353 Alcides
424 2300 528 2368 animis,
548 2317 632 2369 seque
650 2302 708 2370 ipse
725 2317 777 2369 per
792 2302 885 2368 ignem

131 2375 278 2444 Praecipiti
297 2376 360 2430 iecit
379 2377 458 2445 saltn,
477 2394 532 2445 qua
549 2377 682 2446 plurimus
700 2377 800 2430 undam

130 2453 235 2506 Fumus
252 2453 309 2520 agit
327 2453 482 2521 nebulaque
500 2454 594 2521 ingens
612 2469 708 2520 specus
726 2459 834 2509 aestuat
851 2459 918 2510 utra.

132 2529 183 2582 llic
203 2528 304 2582 Cacum
322 2530 351 2581 iu
369 2529 491 2583 tenebris
508 2529 635 2583 incendia
653 2547 721 2582 vana
740 2535 894 2584 vomentem

130 2605 250 2673 Corripit
268 2605 295 2657 111
314 2606 416 2658 nodum
435 2607 589 2674 conplexus,
608 2609 637 2659 et
654 2606 731 2673 angit
747 2606 892 2660 inhaerens
945 2621 981 2660 111

131 2682 218 2735 Elisos
237 2682 327 2734 oculos
347 2687 375 2735 et
394 2684 493 2735 siecum
512 2683 643 2750 sanguine
660 2685 763 2750 guttur.

132 2758 265 2810 Panditur
283 2760 420 2827 extemplo
437 2760 542 2813 foribus
560 2759 657 2813 domus
675 2761 736 2813 atra
753 2761 872 2827 revolsis,

131 2833 352 2902 abstractaeque
370 2834 454 2889 boves
472 2835 667 2904 abiurataeque
685 2837 796 2904 rapinae

129 2910 211 2963 Caelo
229 2911 419 2978 ostenduntur,
438 2911 609 2981 pedibusque
626 2912 741 2966 infomre
759 2913 876 2965 cadaver

131 2986 311 3042 l'rotrahitur.
348 2987 497 3055 Nequeunt
515 2988 619 3054 expleri
637 2989 720 3041 eorda
738 2986 840 3040 tuendo
943 3000 980 3039 111

129 3062 270 3116 Terribilis
288 3063 385 3128 oculos,
403 3064 507 3117 voltum
524 3064 672 3132 villosaque
690 3064 772 3116 sactis

129 3139 245 3192 Pectora
262 3139 383 3193 semiferi
401 3143 483 3208 atque
502 3139 650 3194 exstinctos
669 3138 791 3190 laticibus
808 3138 885 3205 ignis.

130 3213 171 3267 ux
189 3214 236 3267 illo
253 3214 408 3268 celebratus
425 3215 518 3280 honos,
536 3213 656 3280 laetique
674 3212 792 3264 minores
