2152 3506
62 169 107 214 lis
302 169 330 215 P.
351 167 505 217 VERGILI
524 169 691 218 MAllONIS

60 246 164 300 Emere
181 247 537 314 agricolaeeertatin13illa
554 267 641 319 usque
660 254 779 307 minatur

60 322 95 376 Et
113 324 274 378 tremefactu
292 341 396 379 comam
415 342 544 380 concusso
562 328 665 382 vertice
682 333 771 398 nutat,

60 399 224 454 Volneribus
242 401 329 456 donee
345 403 478 471 paulatim
496 404 585 458 evicta
602 419 760 473 supremum
885 413 925 452 ⁶5⁰

59 476 220 544 Oongemuit
237 479 380 548 traxitque
396 479 468 546 iugis
486 479 578 534 avolsa
595 481 709 534 ruinam.
714 487 748 558 ᾗ

59 552 209 622 Descende,
226 571 258 608 ae
276 555 394 609 ducente
412 555 465 609 deo
482 555 618 610 flammam
637 557 711 610 inter
730 561 760 611 et
776 559 865 612 hostis

59 631 211 698 Expedlor3
229 631 296 685 dunt
314 631 371 686 tela
389 633 485 698 locum,
504 632 685 702 flammaeque
704 634 846 688 recedunt.

94 711 188 777 Atque
206 708 253 762 uhi
271 709 325 762 iam
343 709 449 777 patriae
466 715 627 777 perventum
646 710 682 762 ad
700 711 794 762 limina
812 711 887 764 sedis

59 785 250 854 Antiquesque
263 785 365 849 domos,
378 787 494 853 genitor,
507 803 589 854 quem
601 787 698 840 tollere
710 787 737 838 in
750 787 820 840 altos
880 802 921 842 ωε

58 862 194 930 Optabam
213 862 330 930 primum
349 863 450 915 montis
468 863 640 932 primumque
659 863 802 937 petebam,

58 938 186 1006 Abnegat
204 939 295 991 excisa
313 940 396 992 sitam
415 938 566 1007 producere
585 940 664 992 Troia

58 1014 245 1084 Exsiliumque
263 1015 328 1083 pati.
365 1014 465 1082 vose,
483 1015 583 1082 quibus
600 1017 709 1082 integer
727 1017 791 1069 aeri'

21 1082 30 1163 ζ
58 1090 178 1160 Sanguis,
196 1092 242 1157 ait,
262 1090 420 1160 solidaeque
438 1107 486 1144 suo
504 1094 580 1145 stant
597 1091 695 1144 robore
713 1092 791 1158 vires,

57 1168 114 1221 Vos
132 1169 235 1236 agitate
253 1167 354 1236 fugam.
876 1183 917 1222 eso

57 1244 104 1298 Me
122 1245 144 1300 si
162 1245 304 1298 caelicolae
322 1244 471 1306 voluissent
490 1245 590 1298 ducere
608 1244 700 1313 vitam,

56 1321 116 1376 Has
134 1323 200 1376 mihi
219 1325 374 1376 servassent
392 1321 479 1374 sedes.
516 1321 590 1374 Satis
608 1337 661 1374 una
679 1339 816 1391 superque

56 1397 182 1453 Vidimus
200 1397 321 1452 exscidia
338 1402 367 1451 et
385 1401 480 1466 captae
500 1399 685 1464 superavimus
703 1399 771 1452 urbi.

56 1475 101 1529 Sic
118 1493 142 1542 o,
161 1475 199 1528 sic
216 1475 336 1543 positum
355 1473 441 1526 adlati
460 1474 592 1527 discedite
610 1491 713 1543 eorpus.

58 1552 120 1620 Ipse
138 1567 221 1605 rnarm
239 1555 356 1603 mortem
373 1551 525 1614 inveniam;
542 1551 719 1604 miserebitur
737 1551 822 1604 hostis
876 1569 916 1608 est

57 1628 227 1698 Exuviasqne
245 1629 339 1695 petet3
356 1625 442 1679 facilis
459 1627 565 1680 iactura
583 1626 726 1696 sepulchri.

57 1705 116 1758 lam
134 1703 241 1773 pridem
259 1703 362 1756 inuisus
381 1702 450 1756 divis
469 1707 497 1756 et
515 1702 621 1757 inutilis
638 1720 723 1756 annos

55 1781 196 1846 Demeror‚
215 1797 248 1833 er
268 1796 322 1847 quo
339 1795 383 1832 me
402 1779 492 1832 divom
510 1783 590 1848 pater
606 1783 690 1848 atque
707 1781 845 1833 hominum
862 1797 914 1834 rex

55 1857 188 1911 Fulminis
206 1856 318 1909 adflavit
336 1856 424 1909 ventis
442 1859 471 1909 et
489 1857 605 1924 contigit
622 1857 685 1924 igni.
699 1850 723 1938 j

40 1950 66 2001 χχ
90 1933 165 1986 Talia
183 1933 324 2001 perstabat
342 1948 500 2000 memoresne,
518 1933 643 2001 fixusque
661 1935 797 1987 manebat.
877 1947 915 1986 eoo

57 2009 113 2064 Nos
131 2016 226 2063 eontra
244 2011 320 2062 effusi
338 2009 457 2062 lacrimis
474 2009 647 2078 coniunxque
666 2011 768 2064 Creusa

58 2089 244 2156 Ascaniusque
263 2088 404 2155 emmsque
421 2086 526 2150 domus,
545 2093 705 2138 revertere
724 2097 814 2141 scculn

56 2164 161 2218 Cuncta
177 2169 257 2234 pater
274 2165 386 2232 latoque
403 2163 532 2230 urguenti
550 2162 707 2215 incumbere
725 2162 814 2215 vellet.

59 2241 194 2308 Abnegat,
211 2241 373 2309 inceptoque
391 2243 420 2292 et
439 2239 548 2292 sedibus
566 2238 664 2291 haeret
681 2239 708 2290 in
726 2237 819 2292 isdem.

59 2318 161 2370 liursus
173 2317 201 2368 in
214 2333 289 2368 arura
301 2317 378 2380 feror,
391 2319 564 2384 mortemque
576 2315 744 2368 miserrimus
756 2319 826 2383 opto,
876 2329 913 2368 ete

59 2395 127 2446 lt'zrm
146 2392 220 2461 quod
238 2392 377 2444 eonsilium
396 2396 444 2444 aut
462 2409 533 2460 quae
551 2392 605 2444 iam
623 2391 732 2444 fortuna
750 2390 885 2446 dabaturl

58 2471 137 2522 liene
156 2469 253 2522 efferre
270 2468 376 2537 pedem,
395 2467 509 2535 genitor,
528 2473 557 2522 te
575 2485 655 2538 posse
673 2468 769 2522 relicto

56 2546 186 2615 sperasti,
205 2549 368 2614 tentumque
385 2545 461 2598 nefas
478 2545 568 2612 patrio
588 2544 690 2598 excidit
708 2545 772 2598 orel

56 2623 84 2676 Si
102 2622 167 2674 nihil
186 2639 219 2674 ex
238 2625 316 2674 tanta
334 2621 447 2690 Superis
464 2621 554 2689 placet
571 2619 641 2673 urbe
659 2621 782 2688 relinqui,

57 2698 93 2751 Et
112 2697 190 2751 sedet
207 2697 258 2750 hoo
275 2698 373 2764 animo,
392 2698 586 2766 perituraeque
604 2696 708 2750 addere
727 2696 822 2766 'lroiae
876 2711 914 2748 eoa

57 2775 148 2843 Teque
167 2777 283 2841 tuosque
300 2774 382 2840 iuvat,
401 2777 479 2842 patet
496 2775 541 2827 isti
560 2773 640 2826 ianua
657 2773 720 2839 lete,

58 2851 171 2920 Iamque
190 2849 279 2903 aderit
297 2850 384 2903 multo
404 2850 503 2903 Priami
522 2850 558 2903 de
576 2850 706 2916 sanguine
726 2848 853 2916 Pyrrhus,

57 2928 176 2981 Gnatum
189 2930 253 2980 ante
266 2943 314 2980 ora
326 2927 421 2994 patrie,
433 2931 540 2994 patrem
553 2925 599 2994 qui
611 2925 758 2978 obtruncat
770 2923 805 2976 ad
817 2921 932 3000 arasjt

60 3003 118 3055 Hoc
136 3007 202 3066 erat,
220 3002 292 3055 alma
309 3019 414 3068 parone,
434 3002 508 3069 quod
526 3017 569 3054 me
587 3001 719 3068 petisia,
738 3015 788 3067 per
805 2999 876 3065 ignis

59 3078 154 3145 Eripis,
171 3083 203 3131 nt
220 3078 318 3132 mediis
335 3077 441 3130 hostem
460 3077 486 3128 in
505 3075 698 3143 penetralibus,
716 3079 802 3141 utque
876 3089 914 3127 em

59 3154 203 3204 Asmnium
221 3158 383 3221 patremque
401 3167 491 3203 meum
510 3150 640 3215 iuxtaque
659 3149 789 3201 Creusam

59 3226 186 3280 Alterum
203 3227 231 3280 in
249 3228 362 3282 ulterius
380 3229 514 3278 mactatos
532 3224 662 3289 sunguine
679 3225 806 3277 cernam?
