2154 3518
334 169 523 218 BUOOLIGA.
558 168 633 216 ECL.
652 168 706 215 III.

101 255 202 323 Incipe,
221 253 370 315 Damoeta;
388 253 421 303 tu
438 249 538 304 deinde
556 264 679 317 sequere,
699 249 828 302 Menalca.

102 330 224 385 Alternis
243 328 354 392 dicetis;
373 330 465 380 amant
483 325 590 378 alterna
609 325 751 379 Camenae.

134 407 171 459 D.
185 405 232 459 Ab
245 405 310 457 Iove
322 403 491 471 principium,
505 401 602 455 Musae
613 423 618 466 ;
631 401 704 454 Ievis
716 403 805 464 enrnia
816 403 897 471 plena
904 423 911 467 ;
926 419 950 456 ec

100 483 152 536 Illc
170 482 234 535 colit
251 484 354 546 terras3
372 478 411 532 illi
428 496 490 534 mea
509 477 628 532 eanuina
648 495 736 532 curae.

98 559 141 612 M.
160 560 196 612 nt
214 575 258 612 me
278 557 403 610 Phoebus
416 559 504 620 amat3
517 554 628 608 Phoebe
641 571 690 608 sua
701 573 808 624 semper
820 556 894 625 apud
905 574 949 612 me

100 635 216 688 Munera
233 637 304 699 sunt,
323 633 394 686 lauri
412 636 441 686 et
459 648 541 684 suave
559 630 660 684 rubens
679 631 846 698 hyacinthus.

97 749 101 754 -
134 711 171 764 D.
191 711 264 764 Malo
282 727 326 764 me
345 710 459 764 Galatea
477 709 554 776 petit,
573 708 672 761 lasciva
690 709 787 777 puella,

99 788 136 841 Et
153 787 224 855 fugit
241 787 277 840 ad
295 786 398 854 salices,
417 790 446 840 et
464 803 494 839 se
512 786 587 854 cupit
605 789 668 838 ante
686 785 779 839 videri.
926 803 950 842 ee

99 864 141 916 M.
160 865 201 917 ht
218 863 284 916 mihi
302 880 362 917 sese
381 863 463 916 effert
480 862 560 930 ultre,
579 879 655 915 meus
674 862 750 929 ignis,
772 863 914 931 Amyntas,

100 940 199 993 Notior
216 943 248 994 ut
266 940 320 993 iam
338 940 375 994 sit
392 939 503 992 canibus
520 955 574 992 non
594 939 672 991 Delia
691 939 800 992 nestris.

134 1015 171 1068 D.
191 1017 274 1070 Parta
291 1032 369 1070 meae
388 1016 490 1069 Veneri
508 1018 572 1068 sunt
584 1016 844 1083 muneraz'narnqne
856 1018 948 1070 notari

100 1092 164 1161 lpse
182 1093 279 1161 locum,
298 1093 388 1147 aeriae
406 1109 459 1161 quo
477 1109 639 1159 congessere
658 1093 806 1160 palumbes.

99 1169 141 1222 M.
160 1169 241 1233 Quod
257 1170 342 1238 petui,
360 1185 445 1236 puero
464 1169 581 1222 silvestri
600 1185 634 1222 ex
653 1169 750 1222 arbore
768 1168 839 1222 lectu
925 1185 950 1224 m

99 1247 194 1299 Aurea
212 1247 283 1299 mala
301 1246 397 1299 decem
415 1245 492 1310 misi3
511 1261 570 1298 cras
589 1245 676 1298 altera
694 1246 811 1299 mittam.

134 1322 171 1375 D.
191 1321 214 1372 0
233 1322 359 1390 quotiens
377 1325 406 1375 et
425 1339 494 1389 quae
512 1321 590 1374 nobis
609 1321 723 1374 Galatea
742 1321 831 1374 locuta
849 1326 905 1376 est!

100 1394 211 1452 Partem
229 1398 355 1465 aliquam,
373 1399 456 1464 venti,
475 1397 566 1450 divom
584 1397 710 1450 referatis
729 1399 764 1450 ad
782 1400 869 1452 auris!

100 1475 220 1538 MQuid
227 1473 428 1543 prodest,qu0d
435 1473 695 1541 meipseanimcncn
702 1476 813 1543 spernis,
821 1478 948 1545 Amynta,

99 1552 136 1618 Si,
154 1551 220 1604 dum
239 1555 270 1604 tu
288 1551 401 1605 sectaris
419 1567 505 1619 apres,
525 1567 575 1618 ego
593 1550 665 1604 retia
683 1555 778 1606 servet
926 1569 949 1607 75

134 1629 171 1681 D.
190 1627 315 1696 Phyllida
333 1629 413 1681 mitte
431 1628 509 1683 mihi:
530 1643 607 1681 meus
626 1630 669 1680 est
687 1629 792 1700 natalis,
814 1630 896 1693 lolla3

100 1705 169 1757 Cum
187 1705 282 1757 faciam
301 1704 386 1757 vitula
403 1721 453 1772 pro
471 1702 603 1772 frugibus,
623 1705 682 1774 ipse
701 1705 798 1758 venite.

99 1781 140 1834 M.
164 1764 285 1849 Phyiffila
302 1797 362 1834 amo
381 1784 444 1834 ante
462 1781 544 1846 alias;
564 1798 626 1834 nam
644 1799 688 1835 me
708 1781 849 1834 discedere
866 1783 948 1846 licvit,

102 1857 136 1910 nt
154 1857 263 1924 lengum
283 1857 419 1923 Pormose,
438 1858 505 1924 vale,
523 1858 591 1923 vale,
609 1859 706 1926 inquit,
728 1858 802 1910 Iolla.

134 1933 171 1986 D.
190 1934 278 2012 Triste
291 1934 370 2001 lupus
383 1933 504 2000 stabulis,
519 1934 633 1986 maturis
646 1933 770 2001 frugibus
782 1933 891 2002 imbres,
925 1950 949 1987 ec

101 2010 254 2064 Arboribus
272 2010 355 2075 venti,
374 2011 452 2063 nobis
471 2010 648 2078 Amaryllidis
666 2011 729 2064 irae.

100 2087 141 2142 M.
161 2087 247 2159 Dahae
266 2087 332 2138 satis
350 2086 454 2151 humer,
474 2085 594 2154 depulsis
613 2087 726 2139 arbutus
744 2087 845 2156 haedis,

99 2163 189 2216 Lenta
207 2163 275 2216 salix
292 2163 351 2216 feto
368 2162 466 2229 pecori,
485 2161 551 2214 mihi
571 2163 643 2216 solus
663 2163 804 2229 Amyntas.

134 2239 171 2292 D.
187 2238 274 2291 Pellio
286 2241 359 2291 amat
372 2242 500 2305 nostram,
514 2238 636 2306 quamvis
649 2242 692 2292 est
705 2239 813 2306 rustica,
828 2239 949 2296 illusam:

99 2315 233 2382 Pierides,
252 2315 365 2368 vitulam
384 2315 479 2367 lectori
498 2315 601 2384 pascite
620 2319 719 2369 vestre.
926 2334 949 2370 ss

98 2392 144 2447 M.
164 2393 248 2445 Pollio
267 2392 372 2460 etipse
391 2391 457 2444 facit
475 2409 544 2446 nova
562 2392 693 2446 carmina:
710 2394 815 2462 pascite
832 2397 949 2460 taurum,

99 2469 162 2524 Iam
179 2486 261 2522 cornu
280 2472 359 2537 petat
377 2471 407 2522 et
425 2469 541 2538 pedibus
560 2469 607 2538 qui
626 2472 737 2539 spargat
755 2487 872 2523 arenam.

134 2545 172 2598 D.
186 2545 238 2608 Qui
250 2549 288 2613 te,
302 2545 395 2612 Pollio,
408 2549 489 2612 amat,
503 2547 602 2613 veniat,
613 2564 667 2614 quo
677 2550 706 2600 te
714 2563 822 2614 queque
831 2547 950 2614 gaudet;

99 2621 185 2677 Mella
201 2623 286 2676 fiuant
304 2622 351 2688 illi,
370 2622 442 2675 ierat
460 2625 489 2675 et
508 2622 593 2674 rubus
612 2638 692 2689 asper
711 2639 855 2700 amonium.

98 2699 142 2752 M.
160 2699 213 2764 Qui
226 2698 339 2752 Bavium
351 2716 405 2751 nen
418 2699 484 2764 odit,
497 2701 571 2752 amet
583 2702 632 2752 tua
644 2698 771 2763 earmina,
784 2699 882 2767 Maeui,
925 2713 950 2751 ee

99 2775 195 2842 Atque
213 2775 288 2828 idem
305 2776 400 2842 iungat
419 2776 515 2845 vulpes
534 2779 563 2830 et
580 2775 701 2844 mulgeat
720 2775 814 2828 hireos.

134 2851 171 2904 D.
190 2851 242 2915 Qui
260 2852 351 2920 legitis
369 2851 450 2906 flores
468 2857 498 2906 et
515 2853 590 2906 humi
607 2852 746 2905 nascentia
763 2853 846 2919 fraga,

100 2926 236 2996 Frigidus,
255 2946 271 2981 ο
288 2929 373 2997 pueri,
391 2929 478 2997 fugite
496 2930 566 2996 hinc,
585 2930 654 2982 latet
672 2929 768 2996 anguis
786 2929 814 2979 in
832 2926 923 2980 herba.

99 3005 142 3058 M.
163 3005 280 3072 Parcite,
300 3022 371 3072 oves,
391 3005 503 3059 nimium
524 3005 688 3075 procedere:
708 3005 852 3080 non-*bene
873 3003 950 3071 ripae

100 3081 245 3146 Creditum
263 3081 322 3150 ipse
341 3081 412 3134 aries
431 3083 513 3135 ctiam
531 3098 602 3136 nunc
620 3083 720 3135 vellera
739 3082 828 3134 siccat.
925 3093 951 3132 ee

135 3144 292 3226 DT'l'ityre,
310 3158 447 3225 pascentis
465 3175 481 3210 a
499 3159 609 3211 humine
627 3160 700 3212 reice
718 3155 848 3226 capellas:

102 3233 167 3303 lpse
186 3233 233 3286 uhi
250 3237 361 3302 ternpus
379 3235 438 3298 erit,
456 3234 543 3287 omnis
561 3235 589 3286 in
608 3236 683 3288 iente
701 3232 804 3286 lavabo,
