2152 3506
129 138 159 182 98
362 131 392 180 Ρ.
411 132 565 180 VERGILI
583 132 748 184 MARONIS

129 215 219 277 Quare
236 214 317 280 agite,
336 231 352 267 ο
372 216 459 282 tectis,
477 217 597 279 iuvenes,
617 215 754 269 succedite
772 219 883 274 nostris

129 289 175 342 Me
193 306 302 357 quoque
321 307 370 358 per
388 292 489 344 multos
508 290 604 344 similis
623 291 732 344 fortuna
749 292 860 347 labores

129 369 263 420 lactatam
282 367 331 420 hac
350 367 460 421 demum
479 369 565 422 voluit
584 368 732 422 consistere
750 374 833 424 terra.

129 443 191 496 Non
209 444 304 510 ignara
321 444 386 496 mali
404 446 510 498 miseris
529 461 685 498 succurrere
704 445 784 498 disco.

130 521 173 573 Sic
191 525 338 585 meinorat5
357 521 436 574 simul
457 525 570 576 Aenean
588 522 616 574 in
634 523 710 590 regia
728 522 803 575 ducit

129 594 218 664 lecta,
237 597 316 650 simul
335 597 426 650 divom
445 600 554 668 templis
571 598 668 652 indicit
685 598 819 652 honorem.

129 671 186 727 Nec
204 674 293 728 minus
311 674 417 728 interea
436 676 514 729 sociis
532 675 568 727 ad
586 675 667 728 litora
684 674 770 728 mittit

129 748 235 818 Viginti
254 755 354 819 tauros,
373 769 532 820 magnorum
550 751 691 804 horrentia
708 755 816 804 centum

129 825 216 894 Terga
228 845 315 897 suum,
327 829 433 897 pinguis
445 831 555 882 centum
566 844 628 880 cum
641 825 774 879 matribus
785 843 879 896 agnos,
957 846 995 884 aa
1063 895 1064 900 Ἰ

129 901 244 956 Munera
262 904 450 974 laetitiamque
468 905 520 957 dci.
1063 907 1064 916 ’

130 983 169 1031 At
188 979 283 1033 donrus
301 982 415 1035 interior
432 979 681 1051 regali-splendida
699 979 763 1032 luxu

130 1054 286 1123 instruitur,
306 1057 458 1125 mediisque
477 1060 575 1123 parant
593 1057 712 1108 convivia
730 1055 824 1109 tectis:

130 1131 199 1184 Arte
217 1131 355 1187 laboratae
374 1139 464 1186 vestes
482 1139 611 1199 ostroque
629 1131 753 1199 superbo,

130 1207 228 1274 Ingens
247 1215 388 1278 argeutum
408 1210 514 1276 mensis,
534 1208 694 1276 caelataque
712 1207 739 1260 in
757 1224 823 1260 auro
953 1225 991 1264 elo

129 1283 219 1337 Fortia
238 1286 309 1338 fracta
327 1291 444 1354 patrum,
463 1286 546 1338 series
564 1284 721 1350 longissima
738 1300 828 1336 rerum

129 1359 180 1412 Per
199 1365 241 1414 tot
259 1361 342 1414 dueta
361 1362 431 1415 viros
449 1362 578 1430 antiquae
597 1359 631 1412 ab
650 1361 753 1428 origiue
770 1359 868 1427 gentis.

163 1439 394 1506 Aeneas—neque
413 1438 485 1491 enim
503 1437 607 1505 patrius
626 1438 775 1490 consistere
793 1441 917 1490 mentem

128 1511 226 1565 Passus
244 1515 478 1583 amor—rapidum
497 1514 534 1566 ad
551 1513 626 1565 navis
644 1513 796 1579 praemittit
817 1511 958 1578 Achaten,

127 1589 244 1642 Ascanio
262 1590 332 1643 ferat
350 1590 423 1654 llaec,
440 1590 584 1658 ipsumque
601 1588 637 1640 ad
656 1588 761 1641 moenia
778 1587 876 1656 ducat;
951 1605 987 1643 ess

127 1662 221 1716 Omnis
240 1665 268 1716 in
287 1667 403 1718 Ascanio
422 1667 477 1718 cari
496 1669 553 1718 stat
571 1682 636 1717 cura
654 1666 782 1733 parentis.

126 1739 242 1792 Munera
258 1744 408 1808 praeterea,
429 1742 518 1795 Iliacis
536 1747 632 1810 erepta
649 1741 741 1806 ruinis,

128 1815 211 1868 Ferre
229 1817 312 1883 iubet,
332 1818 431 1886 pallam
450 1819 534 1885 signis
552 1836 672 1888 auroque
691 1819 832 1886 rigentem,

127 1892 163 1945 Et
181 1893 389 1947 circumtextum
407 1912 501 1947 croceo
520 1895 641 1948 velamen
660 1895 782 1960 acantho,

128 1969 245 2022 Ornatus
265 1971 385 2038 Argivae
406 1971 535 2035 llelenae,
554 1989 621 2040 quos
640 1972 685 2024 illa
703 1971 830 2039 Mycenis,
948 1988 986 2028 ceo

127 2044 261 2112 Pergama
278 2064 338 2100 eum
358 2052 465 2114 peteret
483 2048 705 2115 inconcessosque
724 2048 903 2115 Hymenaeos,

127 2121 277 2189 Extulerat,
294 2124 389 2176 matris
409 2123 501 2176 Ledae
519 2124 642 2177 mirabile
660 2123 773 2176 donum:

127 2196 273 2250 Praeterea
291 2205 436 2266 sceptrum,
456 2200 542 2253 llioue
561 2201 634 2268 quod
651 2204 775 2266 gesserat
792 2200 862 2266 olim,

127 2273 255 2325 Maxuma
272 2279 397 2328 natarum
418 2276 527 2344 Priami,
545 2277 669 2344 colloque
686 2278 785 2330 monile

125 2348 265 2414 ¹ltacatum,
284 2354 313 2402 et
330 2350 465 2419 duplicem
483 2353 598 2419 gemmis
615 2370 736 2421 auroque
754 2369 886 2406 eoronam.
946 2371 983 2409 css

126 2423 203 2476 Haec
221 2425 341 2478 celerans
360 2427 414 2480 iter
433 2429 468 2481 ad
486 2428 561 2482 navis
579 2430 713 2482 tendebat
732 2419 859 2482 Ach‘ates.

160 2502 201 2552 At
220 2501 354 2569 Cytherea
373 2520 455 2558 novas
475 2506 549 2573 artis,
568 2523 636 2558 nova
653 2510 764 2576 pectore
782 2507 873 2558 versat

126 2574 250 2638 Consilia,
268 2583 299 2631 ut
317 2579 412 2633 faciem
430 2586 551 2635 mutatus
570 2586 598 2636 et
616 2599 664 2635 ora
682 2582 787 2651 Cupido

126 2649 180 2703 Pro
199 2651 271 2705 dulci
291 2656 408 2708 Ascanio
427 2658 524 2721 veniat,
543 2658 676 2726 donisque
696 2659 831 2711 furentem

125 2717 260 2780 incendat
278 2731 406 2796 reginam,
424 2735 507 2800 atquc
526 2734 631 2788 ossibus
650 2736 762 2804 inplicet
779 2735 884 2800 ignem;
943 2750 980 2789 asc

127 2801 232 2872 Quippe
251 2805 361 2858 donnum
379 2808 458 2861 timot
476 2809 631 2878 ambiguam
651 2811 798 2879 Tyriosque
817 2809 961 2878 bilinguis3
970 2828 992 2894 3

125 2877 191 2932 Urit
207 2885 286 2933 atrox
306 2882 381 2957 Iuno,
400 2889 429 2936 et
447 2884 497 2937 sub
515 2891 622 2939 noctem
641 2903 706 2940 eura
723 2890 851 2940 recursat.

126 2954 198 3020 Ergo
216 2956 259 3008 his
277 2957 407 3022 aligerum
426 2958 505 3011 dictis
523 2961 633 3013 adfatur
652 2965 796 3015 Amorem:

126 3028 151 3078 N
154 3034 206 3093 ate,
224 3046 300 3083 meac
319 3031 397 3096 vires,
416 3050 476 3085 mea
493 3051 591 3100 niagno
608 3040 732 3102 petentia
750 3039 828 3103 solus,

127 3099 206 3168 Nate,
224 3105 309 3169 patris
328 3107 424 3159 summi
442 3109 489 3174 qui
507 3109 563 3159 tela
582 3110 701 3177 Typhoia
719 3112 824 3175 temnis,
943 3126 981 3161 aas

129 3172 175 3222 nd
192 3179 221 3226 te
238 3179 362 3243 confugio
379 3185 409 3232 et
427 3181 541 3246 supplex
558 3185 607 3236 tua
624 3187 733 3237 runnina
750 3203 835 3254 posco.
