2172 3506
369 131 554 181 AENEIDOS
571 133 640 182 LIB.
659 133 709 183 XI.
916 141 959 187 311

105 214 241 268 Succedat
260 229 368 281 pugnae
387 211 571 280 Troianosque
589 214 774 268 arceaturbe.

105 289 221 358 Iamque
240 290 309 342 vale.
346 288 430 348 Simul
447 287 490 342 his
509 288 590 342 dictis
608 289 750 358 linquebat
767 290 894 361 habenas,
950 281 953 288 ’

106 366 154 419 Ad
172 371 277 419 terram
295 381 349 417 non
367 367 463 432 sponte
482 365 575 418 fluens.
613 365 680 417 Tum
699 366 800 434 frigida
818 371 878 420 toto

105 442 244 496 Paulatim
263 440 379 494 exsolvit
399 457 428 493 se
445 457 567 509 corporo,
586 441 715 509 lentaque
734 443 801 494 colla
857 471 859 474 ·

106 517 143 572 Et
161 522 273 587 captum
291 517 346 570 leto
364 517 455 585 posuit
473 521 563 585 caput,
582 533 659 570 arma
676 517 843 586 relinquens,
924 534 962 572 aso

107 595 229 662 Vitaque
247 610 308 646 cum
325 593 430 660 gemitu
448 593 518 660 fugit
537 593 679 660 indignata
697 593 748 646 sub
766 594 902 648 umbras·

107 672 176 724 Tum
188 687 253 723 vero
271 670 409 722 inmensus
428 685 540 736 surgens
559 667 624 721 ierit
642 686 724 722 aurea
742 670 843 722 clamor
914 699 915 703 =

108 747 220 811 Sidera;
239 746 346 798 deiecta
363 745 499 798 crudescit
517 761 608 812 pugna
627 746 756 811 Carnilla;

109 824 259 876 Incurrunt
277 821 356 874 densi
375 820 454 873 simul
473 822 560 874 omnis
578 821 656 890 copia
675 822 807 875 Teucrum

18 917 20 922 ·
93 899 297 967 *Tyrrhenique
315 897 399 950 duces
419 897 595 965 Euandrique
614 898 738 952 Arcades
756 899 821 953 alae.
900 915 964 952 ses

144 976 186 1028 At
204 974 311 1027 Triviae
329 977 421 1028 custos
439 973 598 1026 iamdudum
617 973 644 1026 in
663 975 801 1029 montibus
820 973 891 1044 Opis·

109 1052 178 1104 Alta
196 1050 275 1104 sedet
293 1050 412 1117 summis,
432 1053 592 1118 spectatque
610 1051 737 1104 interrita
754 1068 867 1119 pugnas.

109 1127 204 1194 thue
222 1126 315 1194 procul
333 1125 425 1178 medio
442 1126 570 1178 iuvenum
588 1125 616 1178 in
634 1127 751 1180 clamore
769 1127 908 1180 furentum

111 1202 256 1270 Prospexit
273 1202 347 1255 tristi
365 1201 509 1256 multatam
528 1205 616 1254 morte
637 1201 786 1269 Camillam,

111 1279 305 1346 Ingemuitque
323 1277 456 1346 deditque
474 1277 522 1330 has
541 1278 594 1329 imo
612 1282 725 1345 pectore
743 1295 838 1330 voces:
928 1293 965 1330 sio

111 1356 176 1408 Heu
193 1355 314 1419 nimium,
332 1355 416 1421 virge,
435 1354 548 1406 nimium
567 1353 677 1407 crudele
695 1354 770 1407 luisti

110 1432 286 1501 Supplicium,
306 1432 423 1484 Teucros
441 1433 538 1484 conata
556 1431 689 1484 lacessere
707 1430 796 1484 bello!

112 1507 135 1561 N
138 1525 169 1561 ec
187 1507 239 1560 tibi
257 1507 384 1560 desertae
401 1507 429 1559 in
448 1506 538 1559 dumis
557 1506 670 1560 coluisse
689 1507 805 1559 Dianam

1 1649 2 1662 ἵ
112 1583 227 1651 Profuit,
245 1587 293 1636 aut
311 1587 418 1636 nostras
435 1583 550 1635 humero
568 1582 685 1650 gessisse
704 1583 825 1651 sagittas.

1 1667 2 1714 Ξ
110 1661 173 1713 Nou
192 1664 282 1713 tamen
301 1660 456 1713 indecorem
474 1663 522 1713 tua
539 1662 569 1712 te
586 1657 682 1726 regina
699 1659 810 1728 reliquit
929 1674 965 1712 ars

1 1739 2 1790 l
110 1734 243 1789 Extrema
260 1737 314 1788 iam
332 1735 360 1788 in
378 1739 482 1800 morte;
501 1751 590 1803 neque
607 1735 658 1788 hoc
677 1735 735 1788 sine
752 1736 861 1787 nomine
879 1735 964 1788 letum

1 1815 2 1842 ³
111 1813 166 1864 Per
184 1813 274 1878 gentis
292 1812 353 1877 erit,
373 1815 421 1864 arri
439 1812 539 1864 famam
557 1811 671 1878 patieris
689 1811 800 1863 inultae.

111 1888 183 1941 Nam
202 1889 366 1956 quicumque
385 1891 465 1941 tuum
483 1887 594 1940 violavit
612 1887 722 1940 volnere
740 1904 843 1955 corpus,

111 1964 203 2018 Morte
222 1964 279 2017 luet
297 1965 403 2018 merita.
442 1963 507 2016 Fuit
525 1963 621 2030 ingens
639 1967 732 2016 monte
752 1963 801 2015 sub
820 1963 875 2016 alto

112 2040 197 2108 Regis
216 2041 352 2094 Dercenni
370 2045 480 2095 terreno
497 2056 531 2092 ex
550 2056 649 2107 aggere
668 2039 778 2093 bustum
929 2054 965 2093 sto

114 2117 230 2184 Antiqui
248 2117 400 2183 Laurentis,
420 2132 559 2185 opacaque
577 2116 638 2168 ilice
656 2118 776 2179 tectu1n;

114 2191 167 2246 Hic
185 2193 238 2246 dea
256 2211 285 2247 se
303 2194 421 2262 primurn
439 2192 536 2261 rapido
553 2191 737 2260 pulcherrima
755 2192 815 2244 nisu
879 2255 880 2259 Ἰ

112 2269 192 2322 Sistit
210 2272 239 2322 et
259 2271 408 2322 Arruntem
428 2268 532 2322 tumulo
551 2267 705 2335 speculatur
723 2267 758 2321 ab
777 2268 838 2322 alto.

114 2345 153 2398 Ut
171 2345 240 2398 vidit
258 2345 408 2412 fulgentem
427 2345 510 2397 armis
527 2361 559 2396 ac
577 2360 646 2396 vana
664 2347 831 2408 turnentem;

114 2420 176 2487 Gur,
195 2421 291 2488 inquit,
311 2421 435 2474 diversus
453 2419 532 2474 abisl
550 2419 604 2473 huc
621 2419 709 2486 dirige
727 2437 857 2487 gressum,
930 2434 966 2473 sss

115 2496 177 2549 lluc
194 2497 316 2564 periture
334 2497 403 2563 veni,
422 2496 512 2564 capias
529 2499 561 2548 ut
580 2495 663 2561 digua
682 2495 810 2548 Camillae

115 2571 247 2625 Praemia.
283 2573 358 2625 'lune
376 2573 459 2625 etiam
477 2572 540 2625 telis
559 2571 676 2623 moriere
694 2570 818 2622 Dianaol

115 2647 199 2714 Dixit,
218 2652 246 2700 et
264 2650 360 2700 aurata
377 2647 513 2701 volucrem
533 2645 660 2699 Threissa
677 2645 804 2712 sagittam

117 2723 292 2792 Deprompsit
307 2723 444 2791 pharetra,
463 2739 600 2790 cornuque
619 2721 723 2774 infensa
740 2719 867 2786 tetendit,

117 2798 151 2851 llt
170 2798 249 2851 duxit
268 2799 355 2866 longe,
374 2798 461 2852 donec
479 2803 591 2852 curvata
609 2797 714 2850 coirent
786 2851 789 2854 ,
930 2807 966 2846 eoo

115 2875 193 2928 Inter
211 2892 240 2928 se
258 2876 355 2943 capita,
373 2878 403 2929 et
420 2875 545 2928 manibus
563 2873 617 2926 iarn
637 2877 764 2940 tangeret
777 2870 884 2944 aequis,

114 2949 205 3003 Laeva
223 2950 308 3002 aciem
326 2950 399 3017 ferri,
418 2950 517 3002 dextra
535 2965 672 3017 nervoque
691 2948 827 3016 papillam.

114 3026 260 3094 Extemplo
278 3025 326 3078 teli
345 3025 492 3079 stridorem
511 3041 645 3092 aurasque
664 3023 785 3076 sonantis

114 3101 215 3155 Audiit
232 3118 287 3155 una
306 3103 421 3169 Arruns,
439 3101 582 3168 haesitque
600 3101 628 3152 in
646 3115 760 3168 corpore
777 3099 890 3152 ferrum.

115 3177 199 3233 Illum
212 3179 395 3246 exspirantem
409 3177 474 3231 socii
486 3179 571 3244 atque
582 3178 707 3230 extrema
717 3176 872 3242 gementem
929 3187 965 3226 eos
