2154 3518
370 174 575 223 GEORGIOON
593 174 662 225 LIB.
681 174 704 225 1.
933 174 962 225 27

108 259 210 314 Elicit?
226 257 273 312 illa
290 259 390 312 cadens
407 271 518 310 raucum
535 271 585 324 per
602 255 672 309 levia
689 271 811 308 munnur

108 336 180 390 Saxa
197 336 258 400 ciet,
278 335 463 401 scatebrisque
481 333 585 385 arentia
603 336 741 399 temperat
759 349 829 386 arva
927 347 963 385 no

109 411 188 480 Quid,
207 413 260 479 qui,
278 428 313 464 no
330 410 447 479 gravidis
466 409 625 476 procumbat
644 409 747 461 culinus
766 409 863 474 aristis,

111 487 256 541 Liixuriem
274 493 397 555 segetum
415 489 511 539 tenera
530 483 652 553 depaseit
670 488 697 540 in
715 485 807 550 herba,

108 564 177 617 Cum
195 564 311 631 primunr
330 564 417 616 sulcos
435 564 554 630 aequant
572 564 651 616 satal
670 565 770 631 quique
787 562 893 630 paludis

108 640 258 693 Collectum
276 638 417 692 humorem
435 637 527 690 bibula
544 637 656 691 deducit
674 656 764 706 arena,

109 715 273 768 Praesertim
290 716 401 768 incertis
420 714 442 766 si
460 713 596 766 mensibus
614 716 700 768 omnis
718 715 857 768 abundans
928 729 963 768 115

1 798 2 801 ’
108 792 180 856 Exit,
199 794 229 844 et
246 791 364 844 obducto
382 791 437 844 late
455 794 533 843 tenet
551 791 639 843 omnia
656 791 726 857 limo,

108 867 190 920 Unde
208 884 288 921 cavae
306 867 400 937 tepido
418 867 517 920 sudant
535 867 647 920 humore
665 868 794 921 lacunaol

144 945 202 997 Nee
208 947 306 1011 tumen,
312 944 378 998 haec
387 960 447 996 cum
455 944 509 996 sint
517 943 963 1013 hominumqueboumquelabores

108 1020 251 1073 Versando
270 1023 372 1074 terram
391 1020 504 1090 experti,
523 1020 587 1073 nihil
605 1021 734 1089 inprobus
752 1038 831 1074 anser
913 1058 915 1062 -

108 1097 330 1165 Strymoniaeque
348 1113 429 1164 grues
447 1099 477 1149 et
495 1097 593 1150 amaris
610 1097 697 1150 intiba
714 1097 789 1150 fibris
928 1110 964 1148 iao

108 1172 234 1226 Officiunt
252 1177 300 1226 aut
317 1173 414 1226 umbra
432 1177 518 1226 nocet.
556 1173 640 1226 Potor
657 1175 715 1242 ipso
733 1173 838 1228 colendi

108 1247 192 1301 Haud
209 1248 314 1302 facilem
332 1266 392 1302 esse
410 1251 480 1302 viam
497 1251 590 1317 voluit,
607 1251 764 1319 primusque
781 1267 832 1315 per
849 1251 938 1302 artem

107 1324 195 1378 Movit
213 1341 299 1392 agros,
317 1327 388 1380 ouria
406 1342 504 1379 acuens
522 1327 649 1380 mortalia
666 1329 756 1394 eorda,

107 1401 132 1454 N
135 1417 165 1454 ee
183 1405 293 1468 torpere
312 1403 388 1468 gravi
406 1417 501 1468 passus
521 1418 568 1454 sua
586 1418 670 1469 regna
688 1407 808 1456 veterno.

108 1480 183 1531 Ante
203 1477 297 1530 Iovem
315 1478 380 1530 nulli
399 1477 560 1546 subigebant
578 1495 642 1532 arva
661 1479 764 1544 coloni;
929 1491 964 1532 ias

107 1552 133 1605 N
135 1571 150 1606 o
169 1554 275 1621 signare
295 1554 405 1622 quidem
423 1558 471 1608 aut
489 1556 585 1623 partiri
603 1555 688 1610 limite
706 1573 830 1625 eampum

108 1629 161 1682 Fas
180 1633 253 1684 erat:
271 1630 300 1682 in
317 1629 437 1684 medium
456 1631 634 1701 quaerebant,
651 1633 764 1701 ipsaque
781 1632 863 1684 tellus

108 1705 206 1759 Omnia
223 1705 341 1772 liberius,
359 1707 433 1759 nullo
451 1712 587 1776 poscente,
605 1709 718 1763 ferebat.

72 1815 74 1818 v
109 1781 160 1834 llle
177 1782 278 1835 malum
296 1781 369 1836 virus
388 1783 560 1851 serpentibus
579 1785 686 1839 addidit
704 1787 778 1852 atris,

109 1857 294 1927 l'raedarique
312 1859 389 1928 lupos
407 1859 493 1928 iussit,
511 1865 680 1929 pontumque
697 1863 807 1926 moveri,
929 1872 965 1912 iao

76 1943 80 1952 '
107 1934 244 2003 Mellaque
264 1936 383 1989 decussit
400 1936 479 2000 foliis,
497 1937 643 2006 ignemque
661 1937 784 2004 removit,

107 2009 144 2062 Et
161 2011 261 2078 passim
278 2011 344 2064 rivis
362 2013 499 2065 currentia
516 2013 577 2065 vina
594 2015 732 2081 repressit,

107 2085 148 2138 Ut
165 2087 253 2140 varias
271 2102 335 2140 usus
353 2088 511 2140 meditando
530 2089 695 2142 extunderet
713 2090 780 2142 artis

107 2161 251 2230 Paulatim,
271 2165 300 2216 et
318 2162 399 2216 sulcis
416 2163 546 2217 frumenti
565 2169 710 2232 quaereret
730 2163 850 2230 herbam,

107 2237 148 2291 Ut
165 2237 246 2291 silicis
260 2238 341 2290 *venis
359 2239 513 2293 abstrusum
532 2241 680 2294 excuderet
698 2241 795 2308 ignem.
930 2259 962 2298 aa

107 2315 180 2368 Tune
199 2314 273 2368 alnos
291 2316 407 2382 primum
426 2317 500 2370 fluvii
519 2333 627 2370 sensere
645 2321 770 2382 cavatas3

107 2391 208 2444 Navita
226 2398 286 2444 tum
304 2391 390 2446 stellis
409 2409 535 2448 numeros
555 2397 584 2447 et
602 2395 710 2448 nomina
727 2393 800 2460 fecit,

107 2467 240 2532 Pleiadas,
261 2469 380 2537 Hyadas,
400 2470 555 2539 claramque
575 2471 704 2538 Lycaonis
724 2471 847 2534 Arcton3

105 2542 173 2597 Tum
193 2544 296 2612 laqueis
315 2549 425 2616 captare
445 2547 525 2614 feras,
544 2552 573 2600 et
591 2547 685 2600 fullero
703 2547 775 2600 visco

107 2620 260 2689 Inventum,
280 2624 310 2675 et
327 2639 440 2690 magnos
460 2625 571 2676 canibus
590 2623 759 2676 circumdare
777 2623 868 2676 saltus.
930 2635 965 2674 iso
1058 2669 1067 2678 „

107 2700 202 2765 Atque
219 2698 287 2752 alius
305 2699 392 2752 latum
410 2701 495 2754 funda
513 2701 566 2754 iam
585 2699 713 2754 verberat
730 2716 844 2765 amnem,

107 2773 174 2826 nita
191 2779 296 2843 petens,
315 2777 466 2845 pelagoque
485 2778 553 2831 alins
572 2777 658 2832 trahit
676 2775 789 2830 humida
806 2776 868 2828 lina.

108 2847 174 2902 l'um
192 2851 258 2904 ferri
275 2854 349 2920 rigor
368 2857 450 2923 atque
470 2859 583 2922 argutae
600 2855 701 2908 lentina
719 2870 855 2920 serrae,-

108 2926 132 2978 N
134 2943 178 2980 am
196 2929 276 2998 primi
293 2931 385 2984 cuneis
404 2931 564 2986 scindebant
583 2931 665 2986 fissile
683 2932 819 2998 lignum-

110 3003 174 3059 fum
193 3006 283 3059 variae
302 3023 401 3060 venere
419 3011 499 3061 artes.
537 3008 628 3062 Labor
647 3009 736 3062 emnia
753 3007 817 3060 vicit
937 3017 968 3054 1²5

108 3082 244 3151 inprobus
263 3086 293 3136 et
310 3082 385 3136 duris
402 3101 521 3152 urguens
539 3086 566 3138 in
585 3085 667 3138 rebus
687 3087 802 3152 egestas.

110 3157 201 3212 Prima
220 3159 304 3213 (teres
321 3159 395 3213 ferro
413 3161 535 3214 mortalis
552 3163 661 3214 vertere
679 3165 782 3214 terram

110 3233 242 3302 Instituit,
261 3251 321 3288 eum
339 3235 393 3288 iam
411 3237 525 3304 glandes
542 3239 626 3305 atque
644 3235 742 3289 arbuta
759 3249 851 3288 sacrae
