<?xml version="1.0" encoding="UTF-8"?>
<!DOCTYPE html PUBLIC "-//W3C//DTD XHTML 1.0 Transitional//EN"
    "http://www.w3.org/TR/xhtml1/DTD/xhtml1-transitional.dtd">
<html xmlns="http://www.w3.org/1999/xhtml" xml:lang="en" lang="en">
 <head>
  <title>
</title>
<meta http-equiv="Content-Type" content="text/html;charset=utf-8" />
  <meta name='ocr-system' content='tesseract 3.04.00' />
  <meta name='ocr-capabilities' content='ocr_page ocr_carea ocr_par ocr_line ocrx_word'/>
</head>
<body>
  <div class='ocr_page' id='page_1' title='image "./operaexrecensio03virggoog_0091.png"; bbox 0 0 2152 3506; ppageno 0'>
   <div class='ocr_carea' id='block_1_1' title="bbox 360 149 968 233">
    <p class='ocr_par' dir='ltr' id='par_1_1' title="bbox 360 149 968 233">
     <span class='ocr_line' id='line_1_1' title="bbox 360 149 968 233; baseline 0.005 -3"><span class='ocrx_word' id='word_1_1' title='bbox 360 149 565 232; x_wconf 78' lang='lat' dir='ltr'>eucnemon</span> <span class='ocrx_word' id='word_1_2' title='bbox 583 181 652 231; x_wconf 82' lang='lat' dir='ltr'>mn.</span> <span class='ocrx_word' id='word_1_3' title='bbox 673 179 723 232; x_wconf 78' lang='lat' dir='ltr'>w.</span> <span class='ocrx_word' id='word_1_4' title='bbox 938 185 968 233; x_wconf 77' lang='lat' dir='ltr'>rr</span> 
     </span>
    </p>
   </div>
   <div class='ocr_carea' id='block_1_2' title="bbox 100 261 967 3306">
    <p class='ocr_par' dir='ltr' id='par_1_2' title="bbox 101 261 967 2395">
     <span class='ocr_line' id='line_1_2' title="bbox 147 261 774 332; baseline 0.003 -17"><span class='ocrx_word' id='word_1_5' title='bbox 147 261 198 316; x_wconf 84' lang='lat' dir='ltr'>Est</span> <span class='ocrx_word' id='word_1_6' title='bbox 215 261 243 315; x_wconf 92' lang='lat' dir='ltr'>in</span> <span class='ocrx_word' id='word_1_7' title='bbox 262 261 410 330; x_wconf 81' lang='lat' dir='ltr'>Carpathio</span> <span class='ocrx_word' id='word_1_8' title='bbox 429 261 552 332; x_wconf 80' lang='lat' dir='ltr'>Neptuni</span> <span class='ocrx_word' id='word_1_9' title='bbox 569 264 679 332; x_wconf 79' lang='lat' dir='ltr'>gurgite</span> <span class='ocrx_word' id='word_1_10' title='bbox 696 263 774 317; x_wconf 86' lang='lat' dir='ltr'>vates</span> 
     </span>
     <span class='ocr_line' id='line_1_3' title="bbox 108 338 875 410; baseline 0.001 -16"><span class='ocrx_word' id='word_1_11' title='bbox 108 338 259 394; x_wconf 80' lang='lat' dir='ltr'>Caeruleus</span> <span class='ocrx_word' id='word_1_12' title='bbox 280 338 402 406; x_wconf 86' lang='lat' dir='ltr'>Proteus,</span> <span class='ocrx_word' id='word_1_13' title='bbox 421 355 549 407; x_wconf 87' lang='lat' dir='ltr'>magnum</span> <span class='ocrx_word' id='word_1_14' title='bbox 569 341 616 408; x_wconf 91' lang='lat' dir='ltr'>qni</span> <span class='ocrx_word' id='word_1_15' title='bbox 635 339 754 409; x_wconf 77' lang='lat' dir='ltr'>piscibus</span> <span class='ocrx_word' id='word_1_16' title='bbox 771 355 875 410; x_wconf 87' lang='lat' dir='ltr'>aequor</span> 
     </span>
     <span class='ocr_line' id='line_1_4' title="bbox 106 413 798 485; baseline 0.006 -19"><span class='ocrx_word' id='word_1_17' title='bbox 106 415 146 468; x_wconf 81' lang='lat' dir='ltr'>Et</span> <span class='ocrx_word' id='word_1_18' title='bbox 163 415 256 467; x_wconf 88' lang='lat' dir='ltr'>iuncto</span> <span class='ocrx_word' id='word_1_19' title='bbox 274 413 406 483; x_wconf 86' lang='lat' dir='ltr'>bipedum</span> <span class='ocrx_word' id='word_1_20' title='bbox 425 432 507 468; x_wconf 90' lang='lat' dir='ltr'>curru</span> <span class='ocrx_word' id='word_1_21' title='bbox 525 417 640 469; x_wconf 87' lang='lat' dir='ltr'>metitur</span> <span class='ocrx_word' id='word_1_22' title='bbox 660 433 798 485; x_wconf 88' lang='lat' dir='ltr'>equorum.</span> 
     </span>
     <span class='ocr_line' id='line_1_5' title="bbox 107 491 967 562; baseline 0.005 -18"><span class='ocrx_word' id='word_1_23' title='bbox 107 492 163 544; x_wconf 90' lang='lat' dir='ltr'>Hic</span> <span class='ocrx_word' id='word_1_24' title='bbox 182 508 254 544; x_wconf 86' lang='lat' dir='ltr'>nunc</span> <span class='ocrx_word' id='word_1_25' title='bbox 273 491 418 545; x_wconf 80' lang='lat' dir='ltr'>Emathiae</span> <span class='ocrx_word' id='word_1_26' title='bbox 436 497 532 561; x_wconf 87' lang='lat' dir='ltr'>portus</span> <span class='ocrx_word' id='word_1_27' title='bbox 549 494 724 562; x_wconf 86' lang='lat' dir='ltr'>patriamque</span> <span class='ocrx_word' id='word_1_28' title='bbox 742 493 836 547; x_wconf 83' lang='lat' dir='ltr'>revisit</span> <span class='ocrx_word' id='word_1_29' title='bbox 931 509 967 548; x_wconf 83' lang='lat' dir='ltr'>aso</span> 
     </span>
     <span class='ocr_line' id='line_1_6' title="bbox 106 568 856 637; baseline 0.003 -17"><span class='ocrx_word' id='word_1_30' title='bbox 106 568 252 632; x_wconf 79' lang='lat' dir='ltr'>l&#39;allenen3</span> <span class='ocrx_word' id='word_1_31' title='bbox 271 568 341 621; x_wconf 92' lang='lat' dir='ltr'>hunc</span> <span class='ocrx_word' id='word_1_32' title='bbox 361 572 390 621; x_wconf 90' lang='lat' dir='ltr'>et</span> <span class='ocrx_word' id='word_1_33' title='bbox 409 569 552 637; x_wconf 81' lang='lat' dir='ltr'>Nymphae</span> <span class='ocrx_word' id='word_1_34' title='bbox 570 586 734 623; x_wconf 83' lang='lat' dir='ltr'>veneramur</span> <span class='ocrx_word' id='word_1_35' title='bbox 752 574 781 623; x_wconf 88' lang='lat' dir='ltr'>ot</span> <span class='ocrx_word' id='word_1_36' title='bbox 799 571 856 637; x_wconf 87' lang='lat' dir='ltr'>ipso</span> 
     </span>
     <span class='ocr_line' id='line_1_7' title="bbox 105 644 871 714; baseline -0.001 -16"><span class='ocrx_word' id='word_1_37' title='bbox 105 645 287 699; x_wconf 86' lang='lat' dir='ltr'>Grandaevus</span> <span class='ocrx_word' id='word_1_38' title='bbox 307 644 331 698; x_wconf 91' lang='lat' dir='ltr'>N</span> <span class='ocrx_word' id='word_1_39' title='bbox 335 661 430 709; x_wconf 88' lang='lat' dir='ltr'>ercus;</span> <span class='ocrx_word' id='word_1_40' title='bbox 449 645 525 698; x_wconf 90' lang='lat' dir='ltr'>novit</span> <span class='ocrx_word' id='word_1_41' title='bbox 543 663 660 714; x_wconf 88' lang='lat' dir='ltr'>namque</span> <span class='ocrx_word' id='word_1_42' title='bbox 680 647 769 699; x_wconf 86' lang='lat' dir='ltr'>omnia</span> <span class='ocrx_word' id='word_1_43' title='bbox 787 653 871 710; x_wconf 76' lang='lat' dir='ltr'>vatos,</span> 
     </span>
     <span class='ocr_line' id='line_1_8' title="bbox 106 721 915 789; baseline 0.002 -13"><span class='ocrx_word' id='word_1_44' title='bbox 106 723 183 787; x_wconf 80' lang='lat' dir='ltr'>Quae</span> <span class='ocrx_word' id='word_1_45' title='bbox 197 723 258 787; x_wconf 91' lang='lat' dir='ltr'>sint,</span> <span class='ocrx_word' id='word_1_46' title='bbox 273 739 343 789; x_wconf 90' lang='lat' dir='ltr'>quae</span> <span class='ocrx_word' id='word_1_47' title='bbox 356 721 464 787; x_wconf 82' lang='lat' dir='ltr'>fuerint,</span> <span class='ocrx_word' id='word_1_48' title='bbox 475 738 546 789; x_wconf 91' lang='lat' dir='ltr'>quac</span> <span class='ocrx_word' id='word_1_49' title='bbox 559 739 623 775; x_wconf 88' lang='lat' dir='ltr'>mox</span> <span class='ocrx_word' id='word_1_50' title='bbox 636 727 752 776; x_wconf 84' lang='lat' dir='ltr'>ventura</span> <span class='ocrx_word' id='word_1_51' title='bbox 764 723 915 778; x_wconf 83' lang='lat' dir='ltr'>trahantur.</span> 
     </span>
     <span class='ocr_line' id='line_1_9' title="bbox 106 798 826 867; baseline 0 -16"><span class='ocrx_word' id='word_1_52' title='bbox 106 799 212 867; x_wconf 87' lang='lat' dir='ltr'>Quippe</span> <span class='ocrx_word' id='word_1_53' title='bbox 230 805 270 852; x_wconf 83' lang='lat' dir='ltr'>ita</span> <span class='ocrx_word' id='word_1_54' title='bbox 288 798 418 867; x_wconf 87' lang='lat' dir='ltr'>Neptuno</span> <span class='ocrx_word' id='word_1_55' title='bbox 436 799 524 851; x_wconf 88' lang='lat' dir='ltr'>visum</span> <span class='ocrx_word' id='word_1_56' title='bbox 543 803 592 865; x_wconf 89' lang='lat' dir='ltr'>cet,</span> <span class='ocrx_word' id='word_1_57' title='bbox 611 799 731 852; x_wconf 85' lang='lat' dir='ltr'>inmania</span> <span class='ocrx_word' id='word_1_58' title='bbox 749 799 826 852; x_wconf 88' lang='lat' dir='ltr'>cuius</span> 
     </span>
     <span class='ocr_line' id='line_1_10' title="bbox 106 875 965 944; baseline 0 -14"><span class='ocrx_word' id='word_1_59' title='bbox 106 879 242 934; x_wconf 86' lang='lat' dir='ltr'>Armenta</span> <span class='ocrx_word' id='word_1_60' title='bbox 261 881 289 929; x_wconf 91' lang='lat' dir='ltr'>et</span> <span class='ocrx_word' id='word_1_61' title='bbox 307 875 395 942; x_wconf 88' lang='lat' dir='ltr'>turpis</span> <span class='ocrx_word' id='word_1_62' title='bbox 413 876 500 944; x_wconf 87' lang='lat' dir='ltr'>pascit</span> <span class='ocrx_word' id='word_1_63' title='bbox 520 875 570 928; x_wconf 91' lang='lat' dir='ltr'>sub</span> <span class='ocrx_word' id='word_1_64' title='bbox 588 877 697 944; x_wconf 79' lang='lat' dir='ltr'>gurgite</span> <span class='ocrx_word' id='word_1_65' title='bbox 716 875 825 944; x_wconf 88' lang='lat' dir='ltr'>phocas.</span> <span class='ocrx_word' id='word_1_66' title='bbox 929 891 965 930; x_wconf 68' lang='lat' dir='ltr'>est</span> 
     </span>
     <span class='ocr_line' id='line_1_11' title="bbox 105 952 886 1022; baseline 0.001 -18"><span class='ocrx_word' id='word_1_67' title='bbox 105 952 160 1022; x_wconf 71' lang='lat' dir='ltr'>Hjo</span> <span class='ocrx_word' id='word_1_68' title='bbox 177 952 236 1018; x_wconf 88' lang='lat' dir='ltr'>tibi,</span> <span class='ocrx_word' id='word_1_69' title='bbox 256 957 328 1017; x_wconf 90' lang='lat' dir='ltr'>nate,</span> <span class='ocrx_word' id='word_1_70' title='bbox 348 952 424 1020; x_wconf 91' lang='lat' dir='ltr'>prius</span> <span class='ocrx_word' id='word_1_71' title='bbox 443 952 537 1004; x_wconf 88' lang='lat' dir='ltr'>vinclis</span> <span class='ocrx_word' id='word_1_72' title='bbox 555 953 711 1021; x_wconf 88' lang='lat' dir='ltr'>capiendus,</span> <span class='ocrx_word' id='word_1_73' title='bbox 730 955 762 1006; x_wconf 91' lang='lat' dir='ltr'>ut</span> <span class='ocrx_word' id='word_1_74' title='bbox 779 969 886 1006; x_wconf 87' lang='lat' dir='ltr'>omnem</span> 
     </span>
     <span class='ocr_line' id='line_1_12' title="bbox 104 1027 842 1097; baseline 0.003 -17"><span class='ocrx_word' id='word_1_75' title='bbox 104 1028 242 1097; x_wconf 78' lang='lat' dir='ltr'>Expediet</span> <span class='ocrx_word' id='word_1_76' title='bbox 260 1027 348 1081; x_wconf 87' lang='lat' dir='ltr'>morbi</span> <span class='ocrx_word' id='word_1_77' title='bbox 367 1044 497 1094; x_wconf 86' lang='lat' dir='ltr'>causeam,</span> <span class='ocrx_word' id='word_1_78' title='bbox 516 1032 685 1097; x_wconf 80' lang='lat' dir='ltr'>eventusque</span> <span class='ocrx_word' id='word_1_79' title='bbox 704 1029 842 1082; x_wconf 80' lang='lat' dir='ltr'>secundet.</span> 
     </span>
     <span class='ocr_line' id='line_1_13' title="bbox 104 1103 911 1174; baseline -0.002 -16"><span class='ocrx_word' id='word_1_80' title='bbox 104 1105 176 1158; x_wconf 88' lang='lat' dir='ltr'>Nam</span> <span class='ocrx_word' id='word_1_81' title='bbox 195 1106 252 1158; x_wconf 90' lang='lat' dir='ltr'>sine</span> <span class='ocrx_word' id='word_1_82' title='bbox 270 1105 296 1157; x_wconf 88' lang='lat' dir='ltr'>vi</span> <span class='ocrx_word' id='word_1_83' title='bbox 314 1121 367 1157; x_wconf 90' lang='lat' dir='ltr'>non</span> <span class='ocrx_word' id='word_1_84' title='bbox 385 1103 440 1156; x_wconf 91' lang='lat' dir='ltr'>nlla</span> <span class='ocrx_word' id='word_1_85' title='bbox 458 1103 535 1157; x_wconf 88' lang='lat' dir='ltr'>dubit</span> <span class='ocrx_word' id='word_1_86' title='bbox 553 1110 706 1173; x_wconf 74' lang='lat' dir='ltr'>praecepta</span> <span class='ocrx_word' id='word_1_87' title='bbox 725 1120 815 1174; x_wconf 88' lang='lat' dir='ltr'>neque</span> <span class='ocrx_word' id='word_1_88' title='bbox 835 1105 911 1157; x_wconf 90' lang='lat' dir='ltr'>illum</span> 
     </span>
     <span class='ocr_line' id='line_1_14' title="bbox 105 1179 803 1249; baseline 0.001 -16"><span class='ocrx_word' id='word_1_89' title='bbox 105 1181 217 1234; x_wconf 88' lang='lat' dir='ltr'>Orando</span> <span class='ocrx_word' id='word_1_90' title='bbox 236 1181 343 1235; x_wconf 89' lang='lat' dir='ltr'>flectes:</span> <span class='ocrx_word' id='word_1_91' title='bbox 362 1181 416 1233; x_wconf 89' lang='lat' dir='ltr'>vim</span> <span class='ocrx_word' id='word_1_92' title='bbox 435 1179 532 1233; x_wconf 88' lang='lat' dir='ltr'>duram</span> <span class='ocrx_word' id='word_1_93' title='bbox 552 1185 580 1234; x_wconf 90' lang='lat' dir='ltr'>et</span> <span class='ocrx_word' id='word_1_94' title='bbox 600 1181 705 1234; x_wconf 81' lang='lat' dir='ltr'>vincula</span> <span class='ocrx_word' id='word_1_95' title='bbox 723 1185 803 1249; x_wconf 89' lang='lat' dir='ltr'>capto</span> 
     </span>
     <span class='ocr_line' id='line_1_15' title="bbox 104 1256 963 1324; baseline 0.002 -14"><span class='ocrx_word' id='word_1_96' title='bbox 104 1257 213 1323; x_wconf 84' lang='lat' dir='ltr'>Tende;</span> <span class='ocrx_word' id='word_1_97' title='bbox 231 1256 286 1310; x_wconf 92' lang='lat' dir='ltr'>doli</span> <span class='ocrx_word' id='word_1_98' title='bbox 298 1258 399 1310; x_wconf 90' lang='lat' dir='ltr'>circum</span> <span class='ocrx_word' id='word_1_99' title='bbox 411 1256 477 1308; x_wconf 87' lang='lat' dir='ltr'>haec</span> <span class='ocrx_word' id='word_1_100' title='bbox 490 1257 600 1309; x_wconf 83' lang='lat' dir='ltr'>demvnn</span> <span class='ocrx_word' id='word_1_101' title='bbox 612 1257 773 1324; x_wconf 80' lang='lat' dir='ltr'>frangentur</span> <span class='ocrx_word' id='word_1_102' title='bbox 785 1257 888 1311; x_wconf 84' lang='lat' dir='ltr'>inanes.</span> <span class='ocrx_word' id='word_1_103' title='bbox 926 1274 963 1312; x_wconf 74' lang='lat' dir='ltr'>eoo</span> 
     </span>
     <span class='ocr_line' id='line_1_16' title="bbox 104 1331 839 1403; baseline 0 -17"><span class='ocrx_word' id='word_1_104' title='bbox 104 1333 170 1402; x_wconf 91' lang='lat' dir='ltr'>Ipsa</span> <span class='ocrx_word' id='word_1_105' title='bbox 188 1351 238 1403; x_wconf 90' lang='lat' dir='ltr'>ego</span> <span class='ocrx_word' id='word_1_106' title='bbox 256 1338 293 1401; x_wconf 91' lang='lat' dir='ltr'>te,</span> <span class='ocrx_word' id='word_1_107' title='bbox 311 1333 415 1387; x_wconf 90' lang='lat' dir='ltr'>medios</span> <span class='ocrx_word' id='word_1_108' title='bbox 433 1349 494 1385; x_wconf 89' lang='lat' dir='ltr'>cum</span> <span class='ocrx_word' id='word_1_109' title='bbox 513 1331 552 1385; x_wconf 92' lang='lat' dir='ltr'>sol</span> <span class='ocrx_word' id='word_1_110' title='bbox 570 1333 725 1386; x_wconf 84' lang='lat' dir='ltr'>accenderit</span> <span class='ocrx_word' id='word_1_111' title='bbox 743 1338 839 1398; x_wconf 87' lang='lat' dir='ltr'>aestus,</span> 
     </span>
     <span class='ocr_line' id='line_1_17' title="bbox 104 1408 946 1478; baseline 0.002 -15"><span class='ocrx_word' id='word_1_112' title='bbox 104 1410 174 1464; x_wconf 87' lang='lat' dir='ltr'>Cum</span> <span class='ocrx_word' id='word_1_113' title='bbox 193 1411 289 1463; x_wconf 87' lang='lat' dir='ltr'>sitiunt</span> <span class='ocrx_word' id='word_1_114' title='bbox 306 1410 416 1474; x_wconf 87' lang='lat' dir='ltr'>herbae,</span> <span class='ocrx_word' id='word_1_115' title='bbox 435 1412 464 1462; x_wconf 88' lang='lat' dir='ltr'>et</span> <span class='ocrx_word' id='word_1_116' title='bbox 482 1410 571 1477; x_wconf 88' lang='lat' dir='ltr'>pecori</span> <span class='ocrx_word' id='word_1_117' title='bbox 589 1410 642 1461; x_wconf 85' lang='lat' dir='ltr'>iam</span> <span class='ocrx_word' id='word_1_118' title='bbox 661 1410 764 1476; x_wconf 81' lang='lat' dir='ltr'>gratior</span> <span class='ocrx_word' id='word_1_119' title='bbox 781 1410 878 1464; x_wconf 85' lang='lat' dir='ltr'>umbra</span> <span class='ocrx_word' id='word_1_120' title='bbox 896 1408 946 1478; x_wconf 82' lang='lat' dir='ltr'>est,</span> 
     </span>
     <span class='ocr_line' id='line_1_18' title="bbox 105 1485 806 1554; baseline 0 -14"><span class='ocrx_word' id='word_1_121' title='bbox 105 1487 138 1539; x_wconf 87' lang='lat' dir='ltr'>in</span> <span class='ocrx_word' id='word_1_122' title='bbox 157 1491 263 1540; x_wconf 84' lang='lat' dir='ltr'>secreta</span> <span class='ocrx_word' id='word_1_123' title='bbox 282 1487 353 1540; x_wconf 90' lang='lat' dir='ltr'>senis</span> <span class='ocrx_word' id='word_1_124' title='bbox 372 1485 477 1553; x_wconf 88' lang='lat' dir='ltr'>ducam,</span> <span class='ocrx_word' id='word_1_125' title='bbox 496 1501 549 1554; x_wconf 90' lang='lat' dir='ltr'>quo</span> <span class='ocrx_word' id='word_1_126' title='bbox 568 1486 655 1538; x_wconf 87' lang='lat' dir='ltr'>fessus</span> <span class='ocrx_word' id='word_1_127' title='bbox 673 1485 708 1538; x_wconf 92' lang='lat' dir='ltr'>ab</span> <span class='ocrx_word' id='word_1_128' title='bbox 726 1486 806 1540; x_wconf 88' lang='lat' dir='ltr'>undis</span> 
     </span>
     <span class='ocr_line' id='line_1_19' title="bbox 103 1561 863 1630; baseline 0.001 -14"><span class='ocrx_word' id='word_1_129' title='bbox 103 1563 139 1616; x_wconf 86' lang='lat' dir='ltr'>Se</span> <span class='ocrx_word' id='word_1_130' title='bbox 157 1562 261 1630; x_wconf 87' lang='lat' dir='ltr'>recipit,</span> <span class='ocrx_word' id='word_1_131' title='bbox 280 1563 359 1616; x_wconf 89' lang='lat' dir='ltr'>facile</span> <span class='ocrx_word' id='word_1_132' title='bbox 377 1566 409 1614; x_wconf 88' lang='lat' dir='ltr'>ut</span> <span class='ocrx_word' id='word_1_133' title='bbox 428 1577 521 1614; x_wconf 88' lang='lat' dir='ltr'>sonmo</span> <span class='ocrx_word' id='word_1_134' title='bbox 540 1561 702 1629; x_wconf 85' lang='lat' dir='ltr'>adgrediare</span> <span class='ocrx_word' id='word_1_135' title='bbox 720 1562 863 1618; x_wconf 86' lang='lat' dir='ltr'>iacentem.</span> 
     </span>
     <span class='ocr_line' id='line_1_20' title="bbox 103 1638 961 1708; baseline 0.007 -18"><span class='ocrx_word' id='word_1_136' title='bbox 103 1638 206 1692; x_wconf 88' lang='lat' dir='ltr'>Verum</span> <span class='ocrx_word' id='word_1_137' title='bbox 227 1639 273 1691; x_wconf 91' lang='lat' dir='ltr'>ubi</span> <span class='ocrx_word' id='word_1_138' title='bbox 291 1642 446 1708; x_wconf 86' lang='lat' dir='ltr'>correptum</span> <span class='ocrx_word' id='word_1_139' title='bbox 464 1639 589 1692; x_wconf 87' lang='lat' dir='ltr'>manibus</span> <span class='ocrx_word' id='word_1_140' title='bbox 607 1639 756 1708; x_wconf 84' lang='lat' dir='ltr'>vinclisque</span> <span class='ocrx_word' id='word_1_141' title='bbox 776 1640 890 1706; x_wconf 88' lang='lat' dir='ltr'>tenebis,</span> <span class='ocrx_word' id='word_1_142' title='bbox 924 1655 961 1696; x_wconf 74' lang='lat' dir='ltr'>soe</span> 
     </span>
     <span class='ocr_line' id='line_1_21' title="bbox 103 1715 847 1784; baseline 0.003 -16"><span class='ocrx_word' id='word_1_143' title='bbox 103 1715 171 1770; x_wconf 74' lang='lat' dir='ltr'>Tum</span> <span class='ocrx_word' id='word_1_144' title='bbox 190 1716 281 1769; x_wconf 88' lang='lat' dir='ltr'>variae</span> <span class='ocrx_word' id='word_1_145' title='bbox 300 1715 414 1770; x_wconf 83' lang='lat' dir='ltr'>cludent</span> <span class='ocrx_word' id='word_1_146' title='bbox 433 1716 535 1784; x_wconf 88' lang='lat' dir='ltr'>species</span> <span class='ocrx_word' id='word_1_147' title='bbox 553 1719 636 1784; x_wconf 88' lang='lat' dir='ltr'>utque</span> <span class='ocrx_word' id='word_1_148' title='bbox 655 1733 702 1769; x_wconf 94' lang='lat' dir='ltr'>ora</span> <span class='ocrx_word' id='word_1_149' title='bbox 721 1716 847 1770; x_wconf 84' lang='lat' dir='ltr'>ferarum.</span> 
     </span>
     <span class='ocr_line' id='line_1_22' title="bbox 103 1791 822 1861; baseline 0 -15"><span class='ocrx_word' id='word_1_150' title='bbox 103 1793 165 1846; x_wconf 83' lang='lat' dir='ltr'>Fiet</span> <span class='ocrx_word' id='word_1_151' title='bbox 184 1794 256 1846; x_wconf 86' lang='lat' dir='ltr'>enim</span> <span class='ocrx_word' id='word_1_152' title='bbox 274 1792 365 1846; x_wconf 86' lang='lat' dir='ltr'>subito</span> <span class='ocrx_word' id='word_1_153' title='bbox 384 1808 429 1845; x_wconf 87' lang='lat' dir='ltr'>sus</span> <span class='ocrx_word' id='word_1_154' title='bbox 447 1791 583 1859; x_wconf 89' lang='lat' dir='ltr'>horridus,</span> <span class='ocrx_word' id='word_1_155' title='bbox 601 1797 717 1861; x_wconf 87' lang='lat' dir='ltr'>atraquo</span> <span class='ocrx_word' id='word_1_156' title='bbox 736 1794 822 1861; x_wconf 87' lang='lat' dir='ltr'>tigris,</span> 
     </span>
     <span class='ocr_line' id='line_1_23' title="bbox 102 1868 820 1938; baseline 0 -16"><span class='ocrx_word' id='word_1_157' title='bbox 102 1869 323 1938; x_wconf 71' lang='lat' dir='ltr'>squamosusque</span> <span class='ocrx_word' id='word_1_158' title='bbox 342 1868 431 1935; x_wconf 84' lang='lat' dir='ltr'>draca,</span> <span class='ocrx_word' id='word_1_159' title='bbox 451 1872 480 1920; x_wconf 88' lang='lat' dir='ltr'>ct</span> <span class='ocrx_word' id='word_1_160' title='bbox 497 1868 571 1920; x_wconf 84' lang='lat' dir='ltr'>fulvo</span> <span class='ocrx_word' id='word_1_161' title='bbox 589 1869 693 1922; x_wconf 86' lang='lat' dir='ltr'>cervice</span> <span class='ocrx_word' id='word_1_162' title='bbox 712 1869 820 1934; x_wconf 82' lang='lat' dir='ltr'>leaena3</span> 
     </span>
     <span class='ocr_line' id='line_1_24' title="bbox 102 1944 924 2013; baseline 0.001 -16"><span class='ocrx_word' id='word_1_163' title='bbox 102 1945 161 1998; x_wconf 85' lang='lat' dir='ltr'>Ant</span> <span class='ocrx_word' id='word_1_164' title='bbox 179 1962 270 1999; x_wconf 86' lang='lat' dir='ltr'>acrem</span> <span class='ocrx_word' id='word_1_165' title='bbox 289 1945 412 1998; x_wconf 87' lang='lat' dir='ltr'>flammae</span> <span class='ocrx_word' id='word_1_166' title='bbox 431 1945 549 1997; x_wconf 88' lang='lat' dir='ltr'>sonitum</span> <span class='ocrx_word' id='word_1_167' title='bbox 568 1944 651 2010; x_wconf 89' lang='lat' dir='ltr'>dabit,</span> <span class='ocrx_word' id='word_1_168' title='bbox 671 1950 755 2013; x_wconf 81' lang='lat' dir='ltr'>atquc</span> <span class='ocrx_word' id='word_1_169' title='bbox 774 1946 814 1997; x_wconf 89' lang='lat' dir='ltr'>ita</span> <span class='ocrx_word' id='word_1_170' title='bbox 831 1945 924 1999; x_wconf 87' lang='lat' dir='ltr'>vinclis</span> 
     </span>
     <span class='ocr_line' id='line_1_25' title="bbox 102 2020 959 2088; baseline 0.002 -16"><span class='ocrx_word' id='word_1_171' title='bbox 102 2021 224 2088; x_wconf 83' lang='lat' dir='ltr'>Excidet,</span> <span class='ocrx_word' id='word_1_172' title='bbox 244 2021 336 2074; x_wconf 89' lang='lat' dir='ltr'>autin</span> <span class='ocrx_word' id='word_1_173' title='bbox 354 2037 440 2088; x_wconf 88' lang='lat' dir='ltr'>aquas</span> <span class='ocrx_word' id='word_1_174' title='bbox 458 2022 548 2072; x_wconf 88' lang='lat' dir='ltr'>tenuis</span> <span class='ocrx_word' id='word_1_175' title='bbox 567 2020 687 2088; x_wconf 83' lang='lat' dir='ltr'>dilapsus</span> <span class='ocrx_word' id='word_1_176' title='bbox 707 2021 801 2074; x_wconf 86' lang='lat' dir='ltr'>abibit.</span> <span class='ocrx_word' id='word_1_177' title='bbox 922 2036 959 2074; x_wconf 78' lang='lat'>410</span> 
     </span>
     <span class='ocr_line' id='line_1_26' title="bbox 102 2097 877 2166; baseline 0 -16"><span class='ocrx_word' id='word_1_178' title='bbox 102 2097 157 2150; x_wconf 85' lang='lat' dir='ltr'>Sed</span> <span class='ocrx_word' id='word_1_179' title='bbox 175 2102 277 2166; x_wconf 88' lang='lat' dir='ltr'>quanto</span> <span class='ocrx_word' id='word_1_180' title='bbox 294 2097 341 2150; x_wconf 88' lang='lat' dir='ltr'>ille</span> <span class='ocrx_word' id='word_1_181' title='bbox 359 2097 445 2164; x_wconf 78' lang='lat' dir='ltr'>inagis</span> <span class='ocrx_word' id='word_1_182' title='bbox 463 2097 563 2149; x_wconf 88' lang='lat' dir='ltr'>formas</span> <span class='ocrx_word' id='word_1_183' title='bbox 582 2113 611 2148; x_wconf 91' lang='lat' dir='ltr'>se</span> <span class='ocrx_word' id='word_1_184' title='bbox 629 2101 720 2149; x_wconf 80' lang='lat' dir='ltr'>vertet</span> <span class='ocrx_word' id='word_1_185' title='bbox 739 2097 764 2148; x_wconf 88' lang='lat' dir='ltr'>in</span> <span class='ocrx_word' id='word_1_186' title='bbox 784 2098 877 2160; x_wconf 89' lang='lat' dir='ltr'>onmis,</span> 
     </span>
     <span class='ocr_line' id='line_1_27' title="bbox 102 2172 780 2242; baseline 0 -17"><span class='ocrx_word' id='word_1_187' title='bbox 102 2172 196 2242; x_wconf 78' lang='lat' dir='ltr'>Tanto,</span> <span class='ocrx_word' id='word_1_188' title='bbox 214 2177 286 2242; x_wconf 87' lang='lat' dir='ltr'>nate,</span> <span class='ocrx_word' id='word_1_189' title='bbox 305 2174 391 2241; x_wconf 85' lang='lat' dir='ltr'>magis</span> <span class='ocrx_word' id='word_1_190' title='bbox 409 2173 544 2225; x_wconf 88' lang='lat' dir='ltr'>contende</span> <span class='ocrx_word' id='word_1_191' title='bbox 562 2172 668 2225; x_wconf 88' lang='lat' dir='ltr'>tenacia</span> <span class='ocrx_word' id='word_1_192' title='bbox 686 2173 780 2238; x_wconf 86' lang='lat' dir='ltr'>vincla,</span> 
     </span>
     <span class='ocr_line' id='line_1_28' title="bbox 101 2249 736 2318; baseline -0.003 -14"><span class='ocrx_word' id='word_1_193' title='bbox 101 2250 194 2304; x_wconf 88' lang='lat' dir='ltr'>Donec</span> <span class='ocrx_word' id='word_1_194' title='bbox 211 2251 275 2304; x_wconf 81' lang='lat' dir='ltr'>talis</span> <span class='ocrx_word' id='word_1_195' title='bbox 293 2251 346 2304; x_wconf 89' lang='lat' dir='ltr'>crit</span> <span class='ocrx_word' id='word_1_196' title='bbox 364 2253 471 2302; x_wconf 86' lang='lat' dir='ltr'>mutato</span> <span class='ocrx_word' id='word_1_197' title='bbox 490 2265 609 2318; x_wconf 89' lang='lat' dir='ltr'>corpore,</span> <span class='ocrx_word' id='word_1_198' title='bbox 629 2249 736 2317; x_wconf 89' lang='lat' dir='ltr'>qualem</span> 
     </span>
     <span class='ocr_line' id='line_1_29' title="bbox 102 2325 794 2395; baseline -0.001 -17"><span class='ocrx_word' id='word_1_199' title='bbox 102 2326 220 2394; x_wconf 86' lang='lat' dir='ltr'>Videris,</span> <span class='ocrx_word' id='word_1_200' title='bbox 239 2327 348 2395; x_wconf 87' lang='lat' dir='ltr'>incepto</span> <span class='ocrx_word' id='word_1_201' title='bbox 366 2329 475 2394; x_wconf 87' lang='lat' dir='ltr'>tegeret</span> <span class='ocrx_word' id='word_1_202' title='bbox 493 2343 554 2379; x_wconf 90' lang='lat' dir='ltr'>curn</span> <span class='ocrx_word' id='word_1_203' title='bbox 572 2325 673 2378; x_wconf 88' lang='lat' dir='ltr'>lumina</span> <span class='ocrx_word' id='word_1_204' title='bbox 691 2334 794 2378; x_wconf 70' lang='lat' dir='ltr'>somno?</span> 
     </span>
    </p>

    <p class='ocr_par' dir='ltr' id='par_1_3' title="bbox 100 2401 956 3306">
     <span class='ocr_line' id='line_1_30' title="bbox 136 2401 956 2472; baseline -0.001 -15"><span class='ocrx_word' id='word_1_205' title='bbox 136 2403 212 2457; x_wconf 88' lang='lat' dir='ltr'>Haec</span> <span class='ocrx_word' id='word_1_206' title='bbox 224 2403 270 2472; x_wconf 87' lang='lat' dir='ltr'>ait,</span> <span class='ocrx_word' id='word_1_207' title='bbox 283 2408 312 2456; x_wconf 90' lang='lat' dir='ltr'>et</span> <span class='ocrx_word' id='word_1_208' title='bbox 323 2402 458 2470; x_wconf 88' lang='lat' dir='ltr'>liquidum</span> <span class='ocrx_word' id='word_1_209' title='bbox 470 2402 622 2455; x_wconf 85' lang='lat' dir='ltr'>ambrosiae</span> <span class='ocrx_word' id='word_1_210' title='bbox 635 2401 764 2455; x_wconf 83' lang='lat' dir='ltr'>diffundit</span> <span class='ocrx_word' id='word_1_211' title='bbox 776 2405 896 2469; x_wconf 89' lang='lat' dir='ltr'>odorem,</span> <span class='ocrx_word' id='word_1_212' title='bbox 920 2418 956 2456; x_wconf 80' lang='lat' dir='ltr'>sis</span> 
     </span>
     <span class='ocr_line' id='line_1_31' title="bbox 101 2477 730 2548; baseline -0.008 -14"><span class='ocrx_word' id='word_1_213' title='bbox 101 2483 159 2546; x_wconf 80' lang='lat' dir='ltr'>Quo</span> <span class='ocrx_word' id='word_1_214' title='bbox 177 2484 266 2534; x_wconf 90' lang='lat' dir='ltr'>totum</span> <span class='ocrx_word' id='word_1_215' title='bbox 285 2480 343 2533; x_wconf 86' lang='lat' dir='ltr'>neti</span> <span class='ocrx_word' id='word_1_216' title='bbox 362 2496 460 2548; x_wconf 90' lang='lat' dir='ltr'>corpus</span> <span class='ocrx_word' id='word_1_217' title='bbox 478 2478 623 2548; x_wconf 89' lang='lat' dir='ltr'>perduxit;</span> <span class='ocrx_word' id='word_1_218' title='bbox 643 2477 730 2531; x_wconf 89' lang='lat' dir='ltr'>atilli</span> 
     </span>
     <span class='ocr_line' id='line_1_32' title="bbox 102 2555 717 2626; baseline -0.003 -18"><span class='ocrx_word' id='word_1_219' title='bbox 102 2555 192 2610; x_wconf 80' lang='lat' dir='ltr'>Dulcis</span> <span class='ocrx_word' id='word_1_220' title='bbox 210 2556 357 2626; x_wconf 85' lang='lat' dir='ltr'>conpositis</span> <span class='ocrx_word' id='word_1_221' title='bbox 376 2555 488 2624; x_wconf 87' lang='lat' dir='ltr'>spiravit</span> <span class='ocrx_word' id='word_1_222' title='bbox 507 2555 625 2608; x_wconf 86' lang='lat' dir='ltr'>crinibus</span> <span class='ocrx_word' id='word_1_223' title='bbox 644 2571 717 2620; x_wconf 74' lang='lat' dir='ltr'>arira,</span> 
     </span>
     <span class='ocr_line' id='line_1_33' title="bbox 103 2630 928 2700; baseline -0.004 -14"><span class='ocrx_word' id='word_1_224' title='bbox 103 2635 194 2700; x_wconf 80' lang='lat' dir='ltr'>Atque</span> <span class='ocrx_word' id='word_1_225' title='bbox 206 2632 302 2686; x_wconf 88' lang='lat' dir='ltr'>habilis</span> <span class='ocrx_word' id='word_1_226' title='bbox 315 2632 444 2685; x_wconf 85' lang='lat' dir='ltr'>membris</span> <span class='ocrx_word' id='word_1_227' title='bbox 456 2632 531 2684; x_wconf 87' lang='lat' dir='ltr'>veuit</span> <span class='ocrx_word' id='word_1_228' title='bbox 542 2632 625 2698; x_wconf 84' lang='lat' dir='ltr'>vigor.</span> <span class='ocrx_word' id='word_1_229' title='bbox 663 2630 712 2683; x_wconf 76' lang='lat' dir='ltr'>list</span> <span class='ocrx_word' id='word_1_230' title='bbox 724 2647 820 2700; x_wconf 89' lang='lat' dir='ltr'>specus</span> <span class='ocrx_word' id='word_1_231' title='bbox 832 2633 928 2698; x_wconf 89' lang='lat' dir='ltr'>ingens</span> 
     </span>
     <span class='ocr_line' id='line_1_34' title="bbox 100 2707 766 2776; baseline -0.003 -14"><span class='ocrx_word' id='word_1_232' title='bbox 100 2709 180 2762; x_wconf 80' lang='lat' dir='ltr'>Exest</span> <span class='ocrx_word' id='word_1_233' title='bbox 199 2709 285 2762; x_wconf 88' lang='lat' dir='ltr'>latero</span> <span class='ocrx_word' id='word_1_234' title='bbox 303 2708 331 2761; x_wconf 93' lang='lat' dir='ltr'>in</span> <span class='ocrx_word' id='word_1_235' title='bbox 350 2708 458 2776; x_wconf 87' lang='lat' dir='ltr'>montis,</span> <span class='ocrx_word' id='word_1_236' title='bbox 478 2724 531 2776; x_wconf 91' lang='lat' dir='ltr'>quo</span> <span class='ocrx_word' id='word_1_237' title='bbox 549 2707 666 2775; x_wconf 88' lang='lat' dir='ltr'>plurima</span> <span class='ocrx_word' id='word_1_238' title='bbox 684 2712 766 2760; x_wconf 89' lang='lat' dir='ltr'>vento</span> 
     </span>
     <span class='ocr_line' id='line_1_35' title="bbox 101 2783 955 2854; baseline -0.001 -16"><span class='ocrx_word' id='word_1_239' title='bbox 101 2783 215 2852; x_wconf 81' lang='lat' dir='ltr'>Cogitur</span> <span class='ocrx_word' id='word_1_240' title='bbox 232 2785 312 2854; x_wconf 89' lang='lat' dir='ltr'>inque</span> <span class='ocrx_word' id='word_1_241' title='bbox 333 2785 407 2837; x_wconf 87' lang='lat' dir='ltr'>sinus</span> <span class='ocrx_word' id='word_1_242' title='bbox 426 2784 525 2837; x_wconf 87' lang='lat' dir='ltr'>scindit</span> <span class='ocrx_word' id='word_1_243' title='bbox 544 2799 603 2836; x_wconf 86' lang='lat' dir='ltr'>sese</span> <span class='ocrx_word' id='word_1_244' title='bbox 620 2783 694 2836; x_wconf 90' lang='lat' dir='ltr'>unda</span> <span class='ocrx_word' id='word_1_245' title='bbox 711 2783 847 2850; x_wconf 87' lang='lat' dir='ltr'>reductos,</span> <span class='ocrx_word' id='word_1_246' title='bbox 919 2799 955 2837; x_wconf 81' lang='lat' dir='ltr'>sao</span> 
     </span>
     <span class='ocr_line' id='line_1_36' title="bbox 101 2859 708 2928; baseline 0 -16"><span class='ocrx_word' id='word_1_247' title='bbox 101 2859 246 2928; x_wconf 87' lang='lat' dir='ltr'>Deprensis</span> <span class='ocrx_word' id='word_1_248' title='bbox 264 2861 329 2914; x_wconf 93' lang='lat' dir='ltr'>olim</span> <span class='ocrx_word' id='word_1_249' title='bbox 348 2861 430 2914; x_wconf 87' lang='lat' dir='ltr'>statio</span> <span class='ocrx_word' id='word_1_250' title='bbox 448 2861 585 2913; x_wconf 87' lang='lat' dir='ltr'>tutissima</span> <span class='ocrx_word' id='word_1_251' title='bbox 603 2860 708 2926; x_wconf 82' lang='lat' dir='ltr'>nautis3</span> 
     </span>
     <span class='ocr_line' id='line_1_37' title="bbox 100 2935 729 3003; baseline 0.005 -15"><span class='ocrx_word' id='word_1_252' title='bbox 100 2935 179 2989; x_wconf 87' lang='lat' dir='ltr'>Intus</span> <span class='ocrx_word' id='word_1_253' title='bbox 197 2954 226 2990; x_wconf 86' lang='lat' dir='ltr'>se</span> <span class='ocrx_word' id='word_1_254' title='bbox 245 2937 315 2990; x_wconf 84' lang='lat' dir='ltr'>vasti</span> <span class='ocrx_word' id='word_1_255' title='bbox 335 2936 451 2989; x_wconf 90' lang='lat' dir='ltr'>Proteus</span> <span class='ocrx_word' id='word_1_256' title='bbox 469 2937 540 3003; x_wconf 82' lang='lat' dir='ltr'>tegit</span> <span class='ocrx_word' id='word_1_257' title='bbox 558 2935 644 2989; x_wconf 86' lang='lat' dir='ltr'>obiice</span> <span class='ocrx_word' id='word_1_258' title='bbox 663 2937 729 2991; x_wconf 85' lang='lat' dir='ltr'>saxi.</span> 
     </span>
     <span class='ocr_line' id='line_1_38' title="bbox 101 3010 913 3080; baseline -0.002 -14"><span class='ocrx_word' id='word_1_259' title='bbox 101 3011 152 3066; x_wconf 87' lang='lat' dir='ltr'>llic</span> <span class='ocrx_word' id='word_1_260' title='bbox 169 3013 295 3066; x_wconf 89' lang='lat' dir='ltr'>iuvenem</span> <span class='ocrx_word' id='word_1_261' title='bbox 313 3013 340 3066; x_wconf 89' lang='lat' dir='ltr'>in</span> <span class='ocrx_word' id='word_1_262' title='bbox 359 3012 470 3065; x_wconf 89' lang='lat' dir='ltr'>latebris</span> <span class='ocrx_word' id='word_1_263' title='bbox 488 3029 613 3065; x_wconf 90' lang='lat' dir='ltr'>aversum</span> <span class='ocrx_word' id='word_1_264' title='bbox 631 3012 765 3064; x_wconf 90' lang='lat' dir='ltr'>alumine</span> <span class='ocrx_word' id='word_1_265' title='bbox 784 3011 810 3063; x_wconf 88' lang='lat' dir='ltr'>N</span> <span class='ocrx_word' id='word_1_266' title='bbox 811 3010 913 3080; x_wconf 80' lang='lat' dir='ltr'>ympno</span> 
     </span>
     <span class='ocr_line' id='line_1_39' title="bbox 100 3087 806 3157; baseline -0.006 -15"><span class='ocrx_word' id='word_1_267' title='bbox 100 3088 420 3157; x_wconf 85' lang='lat' dir='ltr'>Collocat;.ipsap1·ocnl</span> <span class='ocrx_word' id='word_1_268' title='bbox 439 3087 545 3141; x_wconf 88' lang='lat' dir='ltr'>nebulis</span> <span class='ocrx_word' id='word_1_269' title='bbox 564 3088 679 3141; x_wconf 87' lang='lat' dir='ltr'>obscura</span> <span class='ocrx_word' id='word_1_270' title='bbox 697 3087 806 3139; x_wconf 84' lang='lat' dir='ltr'>resistit.</span> 
     </span>
     <span class='ocr_line' id='line_1_40' title="bbox 100 3163 954 3234; baseline -0.004 -15"><span class='ocrx_word' id='word_1_271' title='bbox 100 3164 157 3219; x_wconf 88' lang='lat' dir='ltr'>Iam</span> <span class='ocrx_word' id='word_1_272' title='bbox 175 3165 288 3234; x_wconf 88' lang='lat' dir='ltr'>rapidus</span> <span class='ocrx_word' id='word_1_273' title='bbox 307 3169 413 3218; x_wconf 80' lang='lat' dir='ltr'>torrens</span> <span class='ocrx_word' id='word_1_274' title='bbox 432 3165 548 3217; x_wconf 86' lang='lat' dir='ltr'>sitientis</span> <span class='ocrx_word' id='word_1_275' title='bbox 567 3164 652 3217; x_wconf 85' lang='lat' dir='ltr'>Sirius</span> <span class='ocrx_word' id='word_1_276' title='bbox 672 3163 755 3216; x_wconf 91' lang='lat' dir='ltr'>Indos</span> <span class='ocrx_word' id='word_1_277' title='bbox 917 3175 954 3216; x_wconf 74' lang='lat'>4¹5</span> 
     </span>
     <span class='ocr_line' id='line_1_41' title="bbox 102 3237 794 3306; baseline -0.006 -12"><span class='ocrx_word' id='word_1_278' title='bbox 102 3241 225 3295; x_wconf 73' lang='lat' dir='ltr'>Ardebat</span> <span class='ocrx_word' id='word_1_279' title='bbox 243 3241 325 3306; x_wconf 81' lang='lat' dir='ltr'>caelo,</span> <span class='ocrx_word' id='word_1_280' title='bbox 344 3243 372 3292; x_wconf 90' lang='lat' dir='ltr'>ct</span> <span class='ocrx_word' id='word_1_281' title='bbox 390 3239 511 3292; x_wconf 87' lang='lat' dir='ltr'>medium</span> <span class='ocrx_word' id='word_1_282' title='bbox 530 3239 569 3292; x_wconf 91' lang='lat' dir='ltr'>sol</span> <span class='ocrx_word' id='word_1_283' title='bbox 588 3241 682 3306; x_wconf 83' lang='lat' dir='ltr'>igneus</span> <span class='ocrx_word' id='word_1_284' title='bbox 700 3237 794 3292; x_wconf 85' lang='lat' dir='ltr'>orbem</span> 
     </span>
    </p>
   </div>
   <div class='ocr_carea' id='block_1_3' title="bbox 0 0 1080 3506">
    <p class='ocr_par' dir='ltr' id='par_1_4' title="bbox 0 0 1080 3506">
     <span class='ocr_line' id='line_1_42' title="bbox 0 0 1080 3506; baseline 0 2"><span class='ocrx_word' id='word_1_285' title='bbox 0 0 1080 3506; x_wconf 95' lang='lat' dir='ltr'> </span> 
     </span>
    </p>
   </div>
  </div>
 </body>
</html>
