2174 3502
364 146 544 196 AENEIDOS
563 148 633 198 LIB.
651 147 685 196 V.
900 151 945 198 171

48 242 51 246 ’
93 227 247 282 Abduxere
265 230 340 280 retro
359 226 439 296 longe
458 228 548 295 capita
565 229 652 282 ardue
668 227 704 282 ab
721 227 784 291 ictu,

90 304 301 371 Inmiscentque
319 319 415 357 manus
434 304 566 370 menibus,
585 320 759 373 pugnamque
775 304 918 359 beassent.

4 445 8 454 ¹
91 381 144 434 llle
161 378 269 448 pedum
286 378 383 432 melior
400 381 484 448 motu,
502 381 644 448 fretusque
662 381 780 447 iuventa,
911 395 948 434 eo

91 458 146 510 Hic
163 454 297 509 membris
316 458 344 508 et
362 456 433 509 mole
451 457 558 523 valens;
577 457 626 508 sed
644 456 725 510 tarda
742 458 871 510 tremonti

90 535 188 586 Genua
207 531 312 598 labant,
330 534 420 584 vastos
438 531 530 600 quatit
547 549 629 600 aeger
647 531 781 586 anhelitus
799 535 883 587 artus

90 609 182 662 Multa
200 607 255 660 riri
273 608 437 676 nequiquam
455 609 529 682 inter
547 625 576 662 se
594 607 704 662 volnere
720 608 832 678 iactant,

90 685 182 739 Multa
201 701 268 737 cavo
286 683 367 736 lateri
384 683 554 751 ingeminant
572 688 601 738 et
619 688 731 753 pectore
749 689 840 738 vastos

85 759 166 816 vDent
186 760 300 822 sonitus,
319 767 448 828 erratque
467 760 540 813 aruis
559 764 588 814 et
606 764 732 828 tempora
748 761 848 813 circum
912 776 948 815 eo

90 838 199 893 Crebra
216 853 320 898 manns,
338 835 407 889 duro
427 837 562 903 crepitant
581 836 631 889 sub
649 837 759 890 volnere
776 838 869 891 nielee.

90 914 155 968 Stet
173 911 267 980 gravis
286 911 410 965 Entellus
427 912 543 979 nisuque
559 913 678 966 inmotus
696 913 800 980 eodem,

90 991 216 1058 Corpore
235 988 291 1041 tela
308 987 388 1041 modo
406 990 491 1055 atque
508 988 593 1042 oculis
610 988 784 1056 vigilantibus
802 990 868 1045 exit.

92 1066 152 1135 Ille,
171 1064 249 1118 velut
267 1063 366 1118 celsam
384 1067 524 1133 oppugnet
542 1064 588 1131 qui
606 1064 721 1118 molibus
739 1066 842 1132 urbem,

92 1143 153 1196 Ant
172 1144 305 1194 montane
323 1140 401 1194 sodet
419 1141 520 1194 circum
537 1140 650 1194 castelle
667 1141 718 1194 sub
735 1141 827 1209 armis,
911 1155 947 1195 eso

92 1218 175 1272 Nune
192 1217 250 1284 hos,
269 1233 340 1270 nunc
357 1217 417 1270 illos
435 1217 533 1283 amem,
551 1234 713 1284 omnemque
730 1221 855 1285 pererrat

93 1297 167 1349 Arte
185 1294 281 1357 locum,
300 1296 329 1346 et
346 1293 427 1346 variis
444 1293 599 1346 adeuntibus
616 1293 715 1346 inritus
732 1296 838 1360 urguet.

91 1369 227 1424 Ostendit
245 1368 371 1422 dextram
389 1369 532 1436 insurgens
550 1369 674 1422 Entellus
693 1372 722 1421 et
740 1368 795 1422 alte

92 1442 216 1500 Extulit:
235 1445 281 1498 ille
298 1445 382 1497 ictum
401 1446 552 1498 venientem
571 1445 706 1498 avertice
724 1444 802 1497 velox

95 1522 246 1588 l’raevidit‚
265 1521 401 1588 celerique
419 1521 526 1589 elapsus
545 1538 657 1590 corpore
675 1520 771 1574 cessit:
910 1534 946 1574 eat

91 1598 222 1653 Entellus
240 1597 305 1650 viris
323 1597 350 1649 in
369 1601 480 1651 rentum
498 1597 601 1664 effudit,
621 1601 650 1650 et
667 1596 739 1649 ultro

91 1676 159 1744 lpse
176 1673 269 1742 gravis
285 1673 464 1742 graviterque
480 1673 516 1727 nd
533 1677 636 1726 terram
653 1672 774 1742 pondere
793 1677 869 1727 vasto

91 1751 235 1806 Concidit:
252 1753 284 1803 ut
303 1749 438 1818 quendem
456 1767 522 1802 cara
539 1750 658 1803 concidit
675 1753 723 1803 aut
743 1748 916 1817 Erymantho,

93 1830 153 1881 Aut
173 1826 227 1880 Ida
243 1826 271 1879 in
289 1842 394 1892 magun
412 1825 549 1878 radicibus
567 1829 646 1878 eruta
663 1825 749 1893 pinus.

91 1904 270 1970 Consurgunt
288 1900 386 1954 studiis
406 1901 500 1955 Teucri
519 1904 548 1954 ct
566 1901 704 1954 Trinacria
721 1899 822 1969 pubes3
910 1913 946 1953 eoo

91 1980 121 2034 It
140 1979 244 2032 clamor
262 1977 343 2044 caelo,
360 1978 520 2046 primusque
538 1978 655 2030 occurrit
673 1978 797 2043 Acestes,

91 2057 330 2124 Aequaevumque
348 2053 383 2106 ab
401 2053 483 2106 humo
500 2054 631 2106 miserans
649 2052 752 2106 attollit
770 2052 892 2105 amioum.

91 2135 133 2186 At
152 2147 208 2184 non
225 2129 353 2182 tardatus
370 2145 434 2182 casu
451 2147 541 2197 neque
558 2130 671 2182 territus
689 2127 769 2180 heros

92 2207 194 2261 Aerior
212 2205 248 2259 ad
265 2223 385 2275 pugnam
402 2205 483 2272 redit,
501 2223 533 2259 ac
550 2207 605 2258 vim
624 2206 737 2258 suscitat
755 2205 801 2256 ira.

90 2285 162 2338 Tum
180 2283 269 2352 pudor
286 2282 408 2335 incendit
425 2283 490 2335 viris
508 2285 542 2338 ct
555 2282 661 2335 conscia
679 2282 772 2346 virtus,
910 2295 945 2334 455

91 2359 333 2428 Praecipitenrque
351 2357 442 2410 Daren
461 2358 560 2411 ardens
579 2358 637 2425 agit
655 2374 772 2425 aequore
791 2361 855 2420 tuto,

90 2437 174 2490 Nunc
192 2433 291 2487 dextra
307 2435 476 2502 ingeminans
493 2435 571 2502 ictus,
589 2451 660 2488 nunc
677 2433 722 2487 ille
740 2434 862 2500 sinistra;

91 2513 153 2565 Neo
170 2527 254 2577 mora,
273 2527 323 2564 nec
340 2511 462 2579 requies:
481 2528 562 2580 quam
582 2511 669 2563 multa
686 2510 819 2577 grandine
837 2512 922 2565 nimbi

88 2587 264 2642 Culminibus
283 2587 426 2654 crepitent,
444 2586 482 2640 sic
501 2587 592 2640 densis
610 2585 709 2640 ictibus
727 2586 807 2640 heros

92 2663 199 2717 Creber
216 2665 334 2732 utraque
351 2679 434 2716 manu
451 2663 543 2732 pulsat
560 2666 707 2730 versatque
726 2661 835 2716 Dareta.
910 2675 945 2714 eoo

91 2739 163 2792 Tum
181 2743 261 2808 peter
280 2741 388 2792 Aeneas
406 2740 555 2808 procedere
572 2739 678 2806 longius
695 2739 750 2792 iras

92 2815 129 2869 Et
148 2816 254 2869 saevire
272 2815 369 2868 animis
388 2815 526 2869 Entellum
544 2815 618 2868 haud
635 2831 731 2883 passus
748 2814 867 2880 acerbis;

91 2891 149 2946 Sed
167 2893 250 2944 fineur
269 2891 389 2958 inposuit
406 2909 520 2960 pugnae,
539 2892 694 2958 fessumque
713 2891 816 2944 Dareta

91 2967 210 3037 Eripuit,
229 2967 350 3020 mulcens
369 2968 457 3033 dictis,
475 2985 506 3020 ao
524 2968 591 3021 talia
608 2967 694 3022 fatur:

92 3044 201 3110 Infelix,
221 3060 292 3112 quno
309 3048 388 3097 tanta
406 3044 525 3096 animum
544 3043 682 3097 dementia
699 3041 789 3111 oepitl
909 3053 945 3094 eoo

92 3121 156 3174 Non
174 3120 240 3174 viris
258 3119 326 3174 alies
343 3137 524 3188 conversaque
542 3121 653 3172 numina
671 3119 772 3170 sentisl

92 3197 246 3315 Ocdelrieo.
283 3196 416 3264 llixitquc
434 3200 462 3248 et
480 3196 583 3262 proelia
600 3209 664 3245 voce
683 3191 801 3243 diremit.
