2152 3506
388 165 571 214 AENEIDOS
580 166 658 216 ⁴LIB.
678 166 731 214 III.
941 166 987 217 1³3

132 247 220 316 Signa
237 246 289 301 tibi
306 246 410 311 dicam3
430 250 461 300 tu
479 246 590 301 condita
607 251 700 302 mente
717 251 827 303 tenetes

130 324 203 377 Cum
222 322 273 377 tibi
291 322 406 376 sollicito
424 323 522 377 secreti
541 324 577 378 ad
595 323 714 378 fluminis
730 324 832 378 undam

129 399 251 453 Litoreis
269 399 366 466 ingens
383 399 494 453 inventa
512 400 563 454 sub
581 400 687 454 ilicibus
705 416 751 453 sus
953 417 989 459 m

130 475 259 543 Triginta
277 475 397 543 capitum
415 475 488 528 fetus
506 477 586 530 enixa
604 477 711 544 iacebit,

130 551 216 618 Alba,
236 552 294 605 solo
312 551 452 617 recubans,
471 552 527 606 albi
545 553 646 606 circum
664 553 750 607 ubera
767 555 833 622 nati,

130 628 162 682 Is
180 627 255 682 locus
272 628 349 681 urbis
367 628 428 695 crit,
447 629 556 696 requies
574 645 607 682 ca
624 633 701 682 certa
718 629 848 684 laborum.

129 704 157 758 N
160 721 192 758 cc
207 709 241 758 tu
259 721 414 758 mensarum
433 721 539 758 morsus
556 705 684 759 horresce
702 707 820 760 futuros:

129 780 203 834 Fata
222 781 293 834 riam
311 781 452 835 invenient
469 780 616 849 aderitque
633 786 746 836 vocatus
764 783 870 852 Apollo.
954 799 989 838 aa

130 856 193 910 Has
212 859 305 911 autem
323 861 421 924 terras,
442 857 562 925 Italique
580 857 650 911 hanc
668 857 756 911 litoris
774 875 856 926 oram,

129 933 270 986 Proxuma
288 949 358 1001 quae
376 932 462 986 nostri
480 933 656 1001 perfunditur
673 935 798 1002 aequoris
815 939 901 1002 aestu,

129 1009 244 1077 Effinge3
262 1013 360 1062 uincta
377 1010 457 1062 malis
475 1010 636 1063 habitantur
653 1011 761 1064 moenia
779 1012 875 1065 Graiis.

129 1086 186 1138 Hic
205 1089 234 1138 ct
252 1085 362 1152 Narycii
379 1090 530 1153 posuerunt
549 1087 656 1142 moenia
675 1087 760 1152 Locri,

129 1160 168 1215 lit
187 1161 349 1214 Sallentinos
368 1161 477 1214 obsedit
495 1162 583 1215 militc
600 1179 710 1231 campos
952 1178 988 1218 too

129 1237 242 1306 Lyctius
261 1236 440 1301 idomeneum
461 1238 506 1291 hie
523 1239 570 1291 illa
587 1239 662 1292 dacia
681 1241 807 1294 Moliboci

130 1314 221 1366 Parra
243 1313 410 1368 Philoctetae
428 1313 545 1367 subnixa
565 1315 671 1368 Petelia
688 1333 772 1369 muro.

130 1390 211 1456 Quin,
230 1388 277 1442 ubi
295 1389 470 1444 transmissae
489 1391 619 1444 steterint
637 1394 713 1444 trans
731 1409 850 1459 aequora
868 1397 967 1447 classes

130 1466 166 1519 Et
185 1465 282 1534 positis
299 1466 355 1518 aris
372 1466 426 1520 iam
444 1468 555 1522 retain
573 1467 655 1520 litore
673 1467 768 1534 solves,

131 1541 274 1608 Purpureo
293 1541 383 1595 velare
401 1559 491 1597 comas
509 1543 659 1612 adopertus
677 1544 785 1611 amictu,
889 1520 896 1627 1ι1
952 1561 988 1602 sos

130 1618 174 1670 Ne
193 1634 248 1685 qua
266 1617 340 1670 iuter
358 1623 466 1673 sanctos
484 1620 555 1688 ignis
574 1621 601 1672 in
620 1619 721 1674 honore
740 1621 852 1676 deorum
886 1646 888 1671 l

131 1694 248 1747 Hostilia
267 1694 350 1748 iacies
368 1700 491 1750 occurrat
509 1699 539 1749 ct
557 1697 647 1750 omina
665 1697 767 1752 turbet.

49 1772 52 1776 '
131 1770 214 1822 Hunc
233 1771 298 1824 socii
316 1787 419 1825 morem
438 1789 584 1840 sacrorum,
604 1772 675 1826 hunc
693 1774 751 1842 ipsc
770 1778 875 1827 teneto:

132 1847 193 1900 Hae
211 1847 279 1900 casti
298 1852 425 1902 maneant
442 1849 470 1901 in
488 1849 620 1916 religione
637 1855 758 1918 nepotes.

130 1924 186 1976 Ast
204 1921 252 1976 ubi
272 1923 424 1990 digressum
445 1925 550 1978 Siculae
567 1930 597 1978 te
615 1925 767 1978 admoverit
785 1943 848 1979 orac
952 1942 987 1982 tm

132 2000 240 2053 Ventus
258 2003 287 2053 ct
305 2001 413 2068 angusti
432 2005 572 2054 rarescent
589 2001 708 2055 claustra
728 2001 824 2066 Pelori,

129 2076 223 2130 Laeva
240 2075 290 2129 tibi
309 2077 390 2129 tellus
409 2081 438 2130 et
456 2077 536 2145 longo
555 2077 631 2130 laeva
648 2082 777 2145 potantur·

130 2155 263 2221 Aequora
280 2152 411 2219 circuitu;
431 2153 559 2207 dextrum
578 2154 642 2221 sugo
661 2154 725 2206 litus
744 2163 773 2208 ct
791 2159 883 2208 inulas.

132 2229 210 2282 llaec
227 2229 285 2282 loca
303 2229 329 2281 ri
348 2230 487 2299 quondam
505 2233 534 2284 ot
551 2234 629 2283 rasta
647 2231 772 2283 convolsa
789 2232 902 2283 ruina-

131 2307 248 2359 Tantum
267 2306 326 2359 aovi
344 2306 491 2376 longinqua
509 2307 582 2360 valet
600 2312 708 2360 mutare
726 2311 883 2362 vetustas-
952 2323 988 2363 415

131 2382 289 2435 Dissiluisso
308 2383 407 2452 ferunt,
426 2399 487 2438 cum
505 2383 630 2452 protinus
649 2387 765 2451 utraque
783 2385 864 2438 tellus

132 2458 197 2512 Una
214 2458 300 2523 foret;
319 2461 393 2513 venit
412 2460 502 2514 medio
521 2460 546 2512 vi
564 2465 665 2528 pontus
684 2465 713 2514 et
730 2461 811 2513 undis

134 2534 300 2602 Hesperium
320 2536 409 2589 Siculo
428 2537 500 2590 latus
519 2536 644 2602 abscidit,
663 2553 782 2605 arvaque
801 2543 829 2590 et
847 2539 929 2589 urbes

133 2611 228 2664 Litore
247 2611 373 2666 diductas
391 2618 507 2682 angusto
525 2613 651 2666 interluit
669 2617 754 2666 aestu.

133 2687 271 2740 Dextrum
290 2688 379 2756 Scylla
396 2690 476 2755 latus,
492 2691 602 2744 laevum
621 2689 755 2757 inplacata
774 2685 924 2756 Charybdis
953 2704 989 2743 seo

134 2761 261 2826 obsidet,
280 2767 363 2831 atque
381 2766 436 2818 imo
454 2766 577 2820 barathri
595 2771 640 2819 ter
657 2767 767 2834 gurgite
785 2770 876 2818 vastos

135 2837 235 2892 Sorbet
252 2840 280 2891 in
299 2840 446 2911 abruptum
465 2843 569 2906 fluetus,
588 2859 736 2910 rursusque
756 2840 805 2894 sub
824 2854 904 2891 auras

135 2914 225 2982 Erigit
243 2917 363 2970 alternos
382 2922 410 2972 et
430 2920 519 2972 sidera
538 2919 666 2973 verberat
684 2918 763 2971 unda.

136 2992 178 3044 At
196 2991 311 3059 Scyllam
329 2995 415 3048 caecis
434 2995 544 3048 cohibet
562 2997 688 3064 spelunca
706 2994 824 3057 latebris,

136 3065 193 3120 Ora
211 3073 398 3123 exsertantem
417 3075 445 3123 et
463 3073 539 3124 navis
557 3072 584 3123 in
604 3087 669 3124 saxa
687 3069 848 3122 tralioutem.
954 3079 991 3122 aaa

137 3141 231 3196 Prima
247 3144 362 3199 hominis
380 3146 462 3199 iacies
480 3150 509 3201 ot
526 3147 639 3214 pulchro
656 3147 767 3210 pectore
785 3142 860 3204 virgo

137 3215 215 3273 Pube
233 3222 321 3287 tonus,
339 3225 478 3291 postrema
495 3219 597 3274 inmani
615 3232 728 3283 corpore
745 3214 845 3282 pristis,
