2172 3506
109 169 156 214 282
351 166 379 214 P.
393 165 545 215 VERGILI
562 167 727 215 MARONIS

112 245 253 313 Fulgentis
271 245 360 314 clipei,
380 250 438 299 tuni
457 246 563 300 laevum
581 245 702 314 perforat
719 247 835 315 ingueu3

109 322 246 375 Excessus
263 339 346 375 curru
364 321 543 376 moribundus
560 322 679 377 volvitur
696 323 776 376 arvis.
925 338 964 378 cea

110 398 197 462 Quem
215 398 276 466 pius
296 402 406 451 Aeneas
425 398 506 452 dietis
524 399 635 453 adfatur
651 400 763 453 amaris:

110 474 226 542 Lucage,
246 475 320 527 nulla
339 479 400 528 tuos
418 491 514 528 currus
532 476 597 543 fuga
615 476 705 543 segnis
722 492 855 544 equorum

109 550 243 618 Prodidit,
261 555 309 604 aut
326 567 411 604 vanae
429 559 539 605 vertere
557 569 591 605 ex
610 551 733 605 hostibus
752 551 881 616 umbree3

109 628 173 697 Ipse
192 628 260 681 rotis
278 629 378 682 saliens
395 629 460 695 iuga
478 627 591 682 deseris.
628 628 704 681 Haec
722 628 763 681 ita
779 628 854 681 fatus

109 704 235 774 Arripuit
253 704 375 773 biiugos3
399 706 485 759 frater
503 704 636 758 tendebat
653 705 765 758 inermis
923 721 963 760 effi

109 780 209 834 Infelix
227 782 339 850 palmas,
359 799 440 835 curru
458 781 587 850 delapsus
604 781 713 834 eodem:

109 856 162 911 Per
179 862 216 922 te,
236 875 285 925 per
303 859 349 926 qni
368 858 500 910 totalem
518 873 638 925 genuere
656 862 793 924 parentes,

108 933 161 986 Vir
178 934 300 1000 Troiane,
319 935 377 987 sine
395 934 465 986 hane
483 934 607 1000 animam,
621 936 649 986 et
665 933 795 986 miserere
811 934 961 1001 precantis.

110 1009 238 1063 Pluribus
255 1011 344 1064 oranti
363 1013 485 1064 Aeneas:
511 1010 596 1063 Haud
612 1010 679 1062 talia
697 1009 801 1062 dudum

109 1086 189 1140 Dicta
200 1086 285 1140 dabas
328 1087 446 1153 Morere,
459 1090 488 1139 et
500 1087 613 1140 fmtrem
626 1103 661 1139 no
673 1086 770 1140 desere
782 1086 877 1140 frater.
921 1101 962 1139 aaa

108 1163 184 1230 Turn,
202 1163 321 1216 latebras
339 1163 452 1229 animae,
472 1168 567 1230 peetus
585 1179 715 1216 mucrone
732 1161 857 1216 recludit

108 1239 184 1292 Talia
200 1256 250 1308 per
268 1255 377 1306 campos
396 1238 496 1292 edebat
513 1239 610 1291 funere
628 1238 726 1292 ductor

108 1314 271 1382 Dardanius,
290 1316 421 1368 torrentis
439 1331 525 1383 aquae
544 1315 586 1368 vel
605 1315 722 1368 turbinis
740 1316 793 1369 atri

108 1391 186 1444 More
203 1392 302 1445 furens.
338 1391 459 1444 'laudeni
479 1397 625 1459 erumpunt
643 1397 672 1444 et
690 1396 780 1445 eastra
795 1390 960 1459 relinquunt

108 1468 242 1521 Ascanius
259 1485 329 1536 puer
347 1474 375 1522 et
393 1468 559 1536 nequiquam
578 1468 689 1521 obsessa
707 1469 839 1522 iuventus.
919 1485 959 1522 ees

142 1544 274 1598 Iunonem
292 1545 397 1597 interea
415 1544 559 1612 compellat
579 1545 705 1612 Iuppiter
722 1545 808 1598 ultro:

108 1619 131 1672 0
149 1635 279 1688 germana
296 1620 362 1671 mihi
381 1623 465 1686 atclue
484 1620 579 1674 eadem
598 1621 754 1687 gratissima
771 1621 897 1689 coniunx,

107 1696 147 1749 Ut
164 1695 269 1763 rebare,
288 1695 469 1749 Venus—nee
486 1701 515 1750 te
534 1698 670 1750 sententia
687 1698 757 1750 lirllit
769 1725 788 1733 -

107 1772 236 1826 Troianas
254 1776 391 1826 sustentat
408 1789 482 1841 opes,
501 1790 554 1826 non
573 1773 663 1826 vivida
680 1773 752 1827 bello

108 1849 214 1904 Dentre
232 1850 297 1902 viris
315 1849 475 1917 animusque
493 1850 569 1902 ferox
588 1850 749 1918 patiensque
767 1851 868 1918 pericli.
918 1867 958 1904 ero

108 1921 158 1980 Cui
178 1926 247 1979 Iuno
266 1925 414 1978 submissa:
441 1926 519 1990 Quid,
538 1943 554 1977 o
572 1925 752 1993 pulcherrime
770 1927 893 1993 coniunx,

107 2003 242 2056 Sollicitas
260 2019 369 2070 aegram
388 2006 417 2054 et
435 2005 483 2054 tua
500 2001 592 2054 tristia
609 2001 684 2056 dieta
702 2001 862 2058 timenteml

107 2079 135 2131 Si
154 2078 227 2146 mihi,
247 2095 317 2147 quae
331 2077 468 2146 quondam
483 2077 582 2143 fuerat,
599 2094 738 2147 quamque
754 2095 815 2132 esse
832 2079 957 2145 decebat,

108 2154 158 2207 Vis
175 2155 202 2207 in
222 2171 315 2208 aurore
332 2154 411 2221 foret,
430 2170 484 2206 non
502 2153 553 2206 hoc
570 2153 636 2206 niihi
654 2171 772 2222 neruique
790 2171 913 2223 negares,

108 2231 293 2299 Omnipotens,
313 2230 378 2298 quin
397 2234 426 2283 et
443 2245 552 2298 pugnae
571 2229 722 2283 subducere
742 2231 869 2296 Turnum,
918 2247 958 2285 ers

108 2308 143 2359 Et
162 2305 258 2358 Dauno
276 2322 383 2374 possem
402 2306 562 2358 ineolumem
581 2322 690 2360 servare
707 2308 821 2376 parenti.

107 2384 132 2436 N
135 2400 186 2435 unc
203 2386 307 2450 pereat,
328 2381 557 2450 Teucrisque'pio
576 2381 624 2434 det
643 2383 773 2450 sarignine
790 2398 902 2450 menas.

107 2459 158 2512 Ille
176 2463 268 2511 tamen
287 2460 381 2509 nostra
400 2457 513 2510 deducit
531 2458 635 2525 origine
654 2475 778 2524 nemen·

108 2535 302 2603 Pilumnusque
320 2533 360 2585 illi
379 2538 494 2602 quartus
513 2537 606 2602 pater;
630 2538 659 2588 et
677 2539 724 2587 tua
741 2535 816 2603 larga

107 2613 193 2680 Saepe
211 2629 293 2664 runnu
311 2611 460 2678 multisque
479 2610 602 2663 oneravit
619 2611 712 2663 limina
730 2612 813 2663 denis.
920 2625 960 2664 esa

107 2687 156 2741 Oui
175 2705 224 2740 rex
243 2687 356 2739 aetherii
376 2687 497 2740 breviter
515 2686 553 2738 sie
571 2687 644 2738 fatua
664 2687 784 2754 Olympi:

107 2765 134 2816 Si
154 2780 229 2816 mom
247 2763 398 2832 praesentis
416 2762 464 2816 leti
482 2767 645 2830 tempusque
662 2762 763 2816 eadueo

107 2839 208 2892 Oratur
226 2840 323 2906 iuveni,
342 2855 441 2907 meque
459 2839 509 2891 hoe
527 2839 566 2891 ita
584 2856 686 2906 ponere
704 2839 795 2905 sentis,

107 2914 180 2966 Tolle
198 2916 263 2981 fuga
282 2915 400 2966 Turnum
419 2921 503 2983 atquo
521 2915 686 2968 instantibus
704 2915 779 2984 eripe
796 2914 867 2968 fatis

108 2987 247 3041 Hactenus
266 2989 411 3042 indulsisse
429 2992 513 3042 ruent.
551 2990 598 3041 Sin
617 2990 699 3044 altior
716 2990 777 3043 istis
920 3001 959 3040 eat

106 3061 163 3113 Sub
180 3063 305 3128 precibus
324 3066 401 3116 venia
419 3065 474 3117 ulla
492 3065 569 3129 latet,
587 3070 732 3135 totumque
749 3065 852 3119 moveri

106 3134 243 3187 Mutarive
261 3141 341 3203 putas
361 3139 470 3205 bellum,
491 3155 552 3205 spes
569 3143 658 3207 pascis
676 3142 770 3195 inania.

16 3287 23 3296 „
107 3207 141 3257 lit
161 3207 229 3259 Iuno
248 3210 440 3267 adlaerimans:
467 3211 547 3277 Quid,
566 3216 597 3280 si,
615 3233 685 3285 quae
704 3234 770 3272 voce
787 3216 921 3284 gravaris,
