2152 3506
115 108 161 154 152
350 107 377 154 P.
398 107 549 155 VERGILI
567 108 696 157 MARON
700 109 731 158 18

115 185 251 252 Liuqucus
261 185 348 239 multa
358 189 434 239 metu
446 190 619 240 cunctantem
633 192 662 242 ct
674 189 760 243 multu
769 197 913 259 parentem
932 210 970 248 aso

113 261 217 315 Dicere.
256 262 412 330 Suscipiunt
427 263 554 334 famulae,
572 265 755 334 conlapsaque
773 267 898 322 membra

112 337 266 391 Marmoreo
283 339 407 391 referunt
424 339 545 394 thalamo
563 342 715 409 stratisque
734 349 878 412 reponunt.

147 416 187 468 At
205 415 266 482 pius
285 417 401 479 Aeneas,
419 433 585 485 quamquam
603 417 690 472 lenire
709 419 848 474 dolentem

111 489 228 544 Solando
246 491 322 559 eupit
340 495 368 544 ct
387 491 467 545 dictis
485 497 609 546 avertero
627 511 711 557 curas,

57 563 59 570 '
111 567 199 621 Multa
210 585 323 635 gemens
335 584 488 636 magnoque
501 571 619 622 animum
633 570 782 625 labefactus
795 588 895 640 amore,
929 589 969 631 aas

112 644 189 698 Iussa
207 649 298 698 tumen
317 643 408 696 divom
426 645 592 713 exsequitur,
610 645 778 716 classemque
796 649 898 704 revisit.

110 720 177 774 Tum
197 737 261 774 vero
280 721 376 774 Teucri
393 721 555 774 incumbunt
573 724 602 774 ct
619 721 700 775 litore
718 722 804 790 celsas

111 797 256 851 liedueunt
274 801 333 850 toto
352 798 434 850 navis.
471 797 557 851 Natat
574 801 657 850 uncta
674 799 773 867 carina,

110 873 329 941 Frondentisque
347 873 439 926 lerunt
457 889 546 926 remos
563 876 593 927 et
610 873 709 927 robora
727 875 801 929 silvis

111 950 283 1017 infabricata,
301 950 382 1016 fugae
400 950 498 1002 studio.
928 970 967 1008 ιω

109 1026 255 1093 Migrantis
273 1042 376 1092 cernas,
395 1029 509 1094 totaque
526 1043 561 1080 ex
578 1026 646 1080 urbe
664 1028 776 1081 incutis.

61 1132 77 1176 p
109 1105 151 1156 Ac
169 1101 243 1155 velut
260 1102 398 1170 ingentem
416 1102 544 1156 formicae
560 1103 640 1156 farris
657 1119 783 1158 acervum

20 1234 23 1240 ,
109 1179 176 1233 Cum
194 1178 333 1247 populant,
351 1178 448 1232 hiemis
465 1195 607 1244 memores,
626 1183 756 1250 tectoque
773 1185 929 1249 reponuut;

109 1256 138 1310 lt
155 1255 263 1324 nigrum
280 1256 384 1323 campis
401 1271 506 1322 agmen,
524 1255 711 1325 praedamque
728 1273 779 1326 per
795 1257 895 1312 herbas

109 1332 277 1387 convectant
294 1333 362 1386 ealle
379 1335 510 1398 ungust03
528 1348 593 1400 pars
609 1333 725 1400 grandia
742 1333 860 1388 trudunt
927 1350 964 1388 sos

108 1409 232 1462 Obnixae
250 1409 387 1462 frumenta
405 1408 540 1472 liuureris3
559 1425 623 1477 pars
641 1409 749 1477 agmina
767 1415 868 1478 cogunt

109 1484 305 1554 Castigantque
323 1501 427 1548 moras;
449 1500 531 1552 opere
548 1485 635 1538 omnis
654 1486 752 1540 semita
769 1487 893 1588 fervet.)<

109 1561 176 1625 Quis
193 1561 245 1614 tibi
262 1564 329 1627 tmn,
349 1560 428 1624 Dido,
447 1561 568 1614 cementi
587 1561 654 1614 talia
671 1578 773 1628 sensus,

109 1636 215 1700 Quosve
233 1635 317 1689 dabas
334 1637 463 1702 gemitus,
481 1653 542 1688 cum
560 1636 642 1690 litora
659 1637 765 1692 fervere
783 1638 839 1694 late

108 1711 281 1780 Prospiceres
299 1728 360 1764 arce
379 1727 413 1764 cx
431 1728 544 1775 summa,
560 1716 705 1783 totumque
724 1714 830 1768 videres
923 1730 962 1770 410

108 1788 217 1841 Misceri
235 1792 299 1842 ante
317 1788 407 1841 oculos
425 1789 511 1842 tantis
528 1789 691 1842 clamoribus
708 1793 827 1858 aequori

108 1864 227 1933 inprobe
244 1881 327 1933 amor,
345 1865 411 1932 quid
430 1875 482 1918 non
500 1866 626 1919 mortalia
642 1868 754 1934 pectora
772 1867 877 1934 cogisl.

108 1941 154 1994 Ire
172 1941 272 1994 itcrmn
290 1941 318 1994 in
335 1941 467 2009 lacrimas,
484 1941 584 1994 iterum
602 1945 740 2009 temptare
758 1942 895 2010 precando

108 2018 227 2086 Cogitur,
246 2022 275 2072 et
294 2018 407 2086 supplex
426 2018 530 2070 animos
548 2017 711 2072 submittere
729 2019 822 2087 aurori,

107 2094 131 2146 N
135 2112 150 2147 e
168 2094 235 2162 quid
252 2095 424 2163 inexpertum
442 2094 545 2147 frustra
562 2094 695 2147 moritura
713 2095 856 2163 relinquat.
922 2111 961 2150 415

142 2172 229 2236 Anna,
248 2170 324 2224 vides
341 2174 401 2224 toto
418 2170 561 2239 properari
578 2170 676 2224 litorei
712 2170 820 2224 Circum

108 2246 236 2315 Undique
255 2263 417 2312 convenerc;
435 2250 515 2300 vocat
533 2246 587 2299 iam
605 2246 734 2300 carbasus
752 2263 839 2313 aunis,

108 2322 247 2388 Puppibus
266 2326 294 2375 ct
311 2322 377 2375 laeti
395 2327 494 2376 nautae
511 2323 656 2390 inposuere
674 2339 793 2376 coronas.

108 2394 188 2450 llune
206 2414 257 2464 ego
276 2399 298 2451 si
315 2399 392 2466 potui
410 2401 518 2452 tautum
537 2415 647 2466 sperare
665 2398 795 2465 dolorem,

107 2473 142 2526 llt
155 2475 284 2542 perferre,
297 2491 379 2541 soror,
392 2478 495 2544 potero.
526 2474 644 2528 Miserae
656 2474 706 2527 hoc
719 2478 811 2528 tamen
823 2491 908 2527 unum
921 2489 960 2527 sao

107 2550 270 2622 Exsequerc,
291 2554 377 2618 Anna,
395 2551 476 2618 mihi;
498 2551 582 2604 solam
600 2568 663 2604 uam
681 2551 804 2619 perfidus
822 2551 868 2604 illc

108 2623 256 2694 loedere,
275 2645 387 2682 arcanos
404 2628 486 2682 etiam
504 2628 556 2681 tibi
574 2626 687 2681 credere
705 2644 815 2690 sensus;

106 2703 167 2756 Sola
185 2703 235 2754 viri
255 2705 343 2758 mollis
360 2705 451 2758 aditus
469 2708 498 2758 et
516 2708 640 2772 tempora
657 2719 750 2756 noras:
793 2741 799 2754 .

107 2779 129 2843 l,
148 2796 231 2844 soror,
250 2784 333 2848 atque
351 2780 458 2834 hostem
477 2781 590 2849 supplex
609 2781 703 2835 adfare
721 2779 881 2848 superbum:

106 2856 167 2909 Nou
186 2872 237 2922 ego
255 2873 316 2909 cum
335 2857 436 2909 Danais
454 2857 596 2910 Troianam
615 2856 775 2910 exscindere
789 2859 901 2924 gentem
920 2868 957 2908 425

107 2931 209 2990 Aulide
226 2932 319 2999 iuravi,
337 2931 484 2986 classemve
502 2933 537 2985 ad
557 2933 690 2999 Pergama
707 2932 776 2997 misi,

106 3006 130 3057 N
134 3023 164 3058 ec
181 3009 267 3075 patris
287 3008 423 3061 Anchisae
441 3009 558 3061 cinerem
577 3008 701 3062 Manisve
719 3007 826 3061 revelli:

107 3081 162 3133 Cur
180 3099 241 3135 mea
258 3083 333 3150 dicta
350 3087 432 3151 negat
451 3083 532 3135 duras
550 3083 698 3137 demittere
715 3084 743 3136 in
761 3083 853 3136 uurisi

108 3153 166 3216 Quo
179 3158 249 3210 ruiti
268 3163 421 3214 extremum
434 3159 484 3212 hoc
496 3159 611 3212 irriserae
624 3159 672 3212 det
684 3176 782 3213 munus
794 3158 914 3214 amanti:
