2174 3502
122 164 171 213 252
351 160 381 209 P.
403 159 555 208 VERGILI
578 158 744 208 MARONIS

122 244 204 298 Stant
220 239 309 310 longis
325 239 419 294 adnixi
436 241 523 295 hastis
540 244 570 295 et
587 244 666 296 scuta
681 244 808 296 tenentes

123 319 281 372 Castrorum
299 321 329 372 et
346 318 434 386 campi
452 317 550 372 medio.
585 317 655 372 'lum
673 317 757 372 Nisus
774 323 804 373 et
821 336 877 374 una
937 333 975 374 sse

123 395 255 462 Euryalus
273 394 416 447 confestim
435 394 540 448 alacres
557 393 700 449 admittier
717 399 812 460 orant3

122 471 193 525 Rem
211 487 345 539 magnam,
363 471 538 540 pretiumque
555 487 648 525 morae
665 472 731 526 fore.
768 472 877 524 Primus
895 471 974 525 Iulus

123 548 240 616 Accepit
258 547 389 616 trepidos,
407 563 439 600 ae
457 547 556 601 Nisum
574 547 666 602 dicere
683 549 770 602 iussit.

114 625 191 682 Ilum
209 625 248 678 sic
267 624 444 692 Hyrtacides:
465 623 570 677 Audite
588 624 760 679 ementibus
777 627 879 694 aequis,

121 701 279 768 Aeneadae,
297 716 366 754 neve
384 699 451 754 haec
468 700 569 753 nostris
587 704 746 769 spectentur
763 701 797 755 ab
814 702 900 769 annis,
937 714 975 754 stt

122 776 198 840 Quae
216 776 336 830 sommus.
373 777 468 830 Rutuli
488 792 581 829 somno
600 777 719 846 vinoque
737 778 819 832 soluti

122 853 298 918 Conticuere3
323 853 411 906 locum
428 853 535 906 insidiis
552 855 744 922 conspeximus
760 855 820 924 ipsi,

122 927 175 991 Qui
193 931 270 996 patet
288 928 316 979 in
335 928 408 982 bivio
426 931 530 998 portae,
548 945 618 997 quae
635 946 768 998 proxuma
784 933 886 998 ponto;

122 1002 276 1072 Interrupti
294 1005 380 1072 ignes,
399 1009 514 1073 aterque
532 1004 568 1058 ad
586 1005 677 1058 sidera
694 1007 785 1059 funins

87 1129 90 1136 .
122 1080 260 1148 Erigitur3
284 1081 307 1133 si
325 1081 435 1135 fortuna
453 1081 614 1149 permittitis
632 1082 681 1148 uti,
935 1093 974 1134 sse

122 1155 282 1219 Quaesitum
302 1158 417 1210 Aenean
436 1161 465 1210 et
483 1157 590 1210 moenia
609 1157 762 1213 Pallantea:

122 1232 188 1285 Mox
205 1233 249 1286 hie
267 1250 330 1287 oum
348 1233 448 1302 spoliis,
466 1233 571 1300 ingenti
588 1234 674 1287 caede
692 1237 809 1302 peracta,
875 1253 878 1258 ·

123 1309 229 1364 Adsere
246 1311 374 1365 cernetis.
412 1310 437 1362 N
441 1326 471 1364 ee
489 1327 538 1364 nos
555 1310 599 1363 via
616 1310 687 1363 fallit
705 1311 810 1365 cuntis:

122 1386 250 1441 Vidimus
266 1387 390 1441 obscuris
405 1388 522 1455 primam
540 1387 591 1439 sub
610 1386 725 1440 vallibus
741 1387 837 1441 urbem

122 1462 231 1517 Venatu
249 1464 365 1517 adsiduo
383 1467 413 1516 et
429 1467 519 1516 totum
536 1463 710 1530 cognovimus
727 1479 839 1517 annena
935 1479 975 1518 sss

124 1538 177 1592 llic
194 1540 271 1592 annis
288 1540 378 1607 gravis
397 1542 481 1607 atque
498 1539 581 1591 animi
598 1542 722 1592 maturus
741 1540 849 1593 Aletes:

123 1613 158 1665 Di
175 1615 265 1682 patrii,
284 1631 399 1683 quorum
417 1631 526 1682 semper
544 1613 594 1667 sub
611 1615 722 1668 numine
740 1615 820 1669 Troia
836 1619 888 1684 est,

122 1689 148 1741 N
150 1706 184 1742 on
202 1696 294 1743 tauron
312 1691 420 1743 omnino
439 1689 556 1744 Teucros
575 1689 668 1744 delere
685 1692 797 1759 peratis,

123 1765 191 1819 (lum
209 1767 271 1820 talis
289 1767 394 1820 animos
411 1767 539 1819 iuvenum
558 1770 662 1820 ettam
680 1771 756 1820 certa
773 1768 878 1822 tulistis

85 1903 88 1910 Ι
123 1842 243 1896 Pectora.
261 1873 296 1881 -
315 1843 359 1896 Sic
388 1859 549 1903 memorans,
577 1843 705 1896 humeros
733 1843 902 1912 dextrasque
931 1851 973 1900 te

191 1918 275 1972 nebat
733 1949 741 1961 x
915 1937 974 1974 -sso

123 1994 282 2061 Amborunr‚
301 1998 330 2048 et
348 1995 451 2048 voltum
469 1995 587 2048 lacrimis
606 1999 690 2064 atque
707 2011 755 2049 ora
772 1996 925 2064 rigabat.-

123 2069 199 2132 Quae
216 2071 300 2137 vobis,
319 2088 389 2138 quae
407 2071 497 2138 digna,
516 2070 574 2135 viri,
592 2087 643 2139 pro
660 2071 787 2125 laudibus
804 2073 867 2126 istis

123 2145 247 2199 Praemia
263 2163 342 2214 posse
360 2163 423 2199 rear
441 2146 526 2200 solvil
549 2147 731 2216 pulcherrima
748 2149 867 2218 primum

125 2221 156 2273 Di
174 2238 318 2291 moresque
335 2223 441 2276 dabunt
459 2223 559 2287 vestrl;
583 2225 643 2276 tum
660 2227 753 2277 cetera
769 2223 873 2278 reddet

124 2299 256 2351 Actutum
273 2299 335 2366 pius
355 2301 465 2351 Aeneas
482 2303 567 2366 atque
584 2299 693 2366 integer
710 2300 770 2354 aevi
935 2316 973 2354 res

124 2375 263 2441 Ascanius,
281 2375 373 2427 meriti
391 2374 463 2427 tanti
480 2391 534 2427 non
552 2376 686 2429 inmemor
702 2393 838 2444 umquam.

122 2449 209 2504 Immo
227 2466 350 2518 egeres,
368 2450 411 2503 cui
430 2450 487 2504 sola
505 2452 578 2505 salus
600 2453 725 2520 genitore
744 2453 866 2522 reducto,

120 2525 231 2594 Excipit
250 2527 390 2593 Ascanius,
408 2541 459 2594 per
475 2543 595 2595 magnos,
615 2529 690 2595 Nise,
710 2530 820 2582 Penatis

121 2603 304 2671 Assaracique
324 2604 422 2656 Larem
440 2606 470 2656 et
487 2619 571 2656 canae
588 2606 740 2672 penetralia
759 2607 863 2659 Vestro

120 2676 266 2742 Obtestor;
290 2695 478 2747 quaecumque
495 2680 562 2733 milri
578 2681 689 2734 fortuna
706 2682 831 2750 fidesque
848 2691 898 2748 est,
934 2700 973 2738 seo

120 2752 155 2805 In
173 2756 271 2807 vestris
288 2771 360 2823 pono
378 2755 503 2822 gremiis:
528 2761 654 2810 revocate
672 2763 819 2826 parentem,

119 2827 241 2884 Reddite
259 2835 449 2899 conspectum3
473 2832 540 2884 nihil
558 2832 605 2885 illo
622 2835 703 2888 triste
720 2840 838 2904 recepto.

119 2903 189 2958 Bina
207 2906 278 2961 dabo
296 2912 411 2974 argento
428 2909 552 2976 perfecta
569 2913 654 2978 atque
671 2928 768 2979 aspera
786 2913 871 2980 signis

118 2979 227 3048 Pocula,
247 2984 355 3036 devicta
372 2983 481 3050 genitor
500 3001 569 3051 quae
588 2988 662 3055 cepit
681 2986 791 3055 Arisba,
1071 3027 1073 3036 ,

117 3051 155 3105 Et
173 3057 298 3122 tripodas
315 3060 445 3125 gemines,
465 3061 524 3111 auri
543 3061 598 3114 duo
616 3080 715 3131 magna
732 3064 845 3131 talenta
932 3079 972 3121 aas
1071 3083 1073 3092 ²

117 3124 234 3182 Cratera
251 3134 402 3200 antiquum,
421 3150 503 3202 quem
522 3135 571 3188 dat
590 3139 702 3192 Sidonia
722 3139 802 3194 Dido.
1071 3127 1073 3140 ¹

116 3195 146 3248 Si
164 3215 229 3254 vero
247 3221 345 3274 capere
364 3209 473 3262 Italiam
492 3215 663 3280 sceptrisque
681 3215 763 3280 potiri
