<?xml version="1.0" encoding="UTF-8"?>
<!DOCTYPE html PUBLIC "-//W3C//DTD XHTML 1.0 Transitional//EN"
    "http://www.w3.org/TR/xhtml1/DTD/xhtml1-transitional.dtd">
<html xmlns="http://www.w3.org/1999/xhtml" xml:lang="en" lang="en">
 <head>
  <title>
</title>
<meta http-equiv="Content-Type" content="text/html;charset=utf-8" />
  <meta name='ocr-system' content='tesseract 3.04.00' />
  <meta name='ocr-capabilities' content='ocr_page ocr_carea ocr_par ocr_line ocrx_word'/>
</head>
<body>
  <div class='ocr_page' id='page_1' title='image "./operaexrecensio03virggoog_0105.png"; bbox 0 0 2152 3506; ppageno 0'>
   <div class='ocr_carea' id='block_1_1' title="bbox 374 135 949 184">
    <p class='ocr_par' dir='ltr' id='par_1_1' title="bbox 374 135 949 184">
     <span class='ocr_line' id='line_1_1' title="bbox 374 135 949 184; baseline 0 -2"><span class='ocrx_word' id='word_1_1' title='bbox 374 135 556 184; x_wconf 80' lang='lat' dir='ltr'>AENEIDOS</span> <span class='ocrx_word' id='word_1_2' title='bbox 573 136 642 184; x_wconf 88' lang='lat' dir='ltr'><strong>LIB.</strong></span> <span class='ocrx_word' id='word_1_3' title='bbox 662 137 684 184; x_wconf 85' lang='lat' dir='ltr'><strong>I.</strong></span> <span class='ocrx_word' id='word_1_4' title='bbox 921 136 949 182; x_wconf 82' lang='lat'><strong>91</strong></span> 
     </span>
    </p>
   </div>
   <div class='ocr_carea' id='block_1_2' title="bbox 40 211 952 3187">
    <p class='ocr_par' dir='ltr' id='par_1_2' title="bbox 100 211 952 971">
     <span class='ocr_line' id='line_1_2' title="bbox 101 211 772 282; baseline 0.004 -16"><span class='ocrx_word' id='word_1_5' title='bbox 101 211 206 282; x_wconf 82' lang='lat' dir='ltr'>Impius</span> <span class='ocrx_word' id='word_1_6' title='bbox 223 218 288 267; x_wconf 90' lang='lat' dir='ltr'><strong>ante</strong></span> <span class='ocrx_word' id='word_1_7' title='bbox 306 231 367 267; x_wconf 87' lang='lat' dir='ltr'><strong>aras</strong></span> <span class='ocrx_word' id='word_1_8' title='bbox 385 219 469 282; x_wconf 86' lang='lat' dir='ltr'><strong>utque</strong></span> <span class='ocrx_word' id='word_1_9' title='bbox 487 216 547 267; x_wconf 87' lang='lat' dir='ltr'><strong>auri</strong></span> <span class='ocrx_word' id='word_1_10' title='bbox 566 232 662 269; x_wconf 88' lang='lat' dir='ltr'><strong>eaeeus</strong></span> <span class='ocrx_word' id='word_1_11' title='bbox 680 232 772 269; x_wconf 89' lang='lat' dir='ltr'><strong>amore</strong></span> 
     </span>
     <span class='ocr_line' id='line_1_3' title="bbox 100 290 952 359; baseline 0.002 -15"><span class='ocrx_word' id='word_1_12' title='bbox 100 291 177 344; x_wconf 70' lang='lat' dir='ltr'><strong>(llum</strong></span> <span class='ocrx_word' id='word_1_13' title='bbox 194 290 267 343; x_wconf 83' lang='lat' dir='ltr'><strong>ferro</strong></span> <span class='ocrx_word' id='word_1_14' title='bbox 285 290 423 344; x_wconf 83' lang='lat' dir='ltr'><strong>incautum</strong></span> <span class='ocrx_word' id='word_1_15' title='bbox 442 295 562 359; x_wconf 84' lang='lat' dir='ltr'><strong>superat,</strong></span> <span class='ocrx_word' id='word_1_16' title='bbox 582 308 694 344; x_wconf 85' lang='lat' dir='ltr'><strong>securus</strong></span> <span class='ocrx_word' id='word_1_17' title='bbox 711 307 834 345; x_wconf 88' lang='lat' dir='ltr'><strong>amorum</strong></span> <span class='ocrx_word' id='word_1_18' title='bbox 916 305 952 346; x_wconf 77' lang='lat' dir='ltr'><strong>att</strong></span> 
     </span>
     <span class='ocr_line' id='line_1_4' title="bbox 100 352 820 435; baseline 0.003 -17"><span class='ocrx_word' id='word_1_19' title='bbox 100 366 267 432; x_wconf 85' lang='lat' dir='ltr'><strong>Gennanae;</strong></span> <span class='ocrx_word' id='word_1_20' title='bbox 284 367 442 434; x_wconf 80' lang='lat' dir='ltr'><strong>laetumque</strong></span> <span class='ocrx_word' id='word_1_21' title='bbox 461 367 508 420; x_wconf 88' lang='lat' dir='ltr'><strong>diu</strong></span> <span class='ocrx_word' id='word_1_22' title='bbox 526 352 693 432; x_wconf 62' lang='lat' dir='ltr'><strong>celavitsel&#39;</strong></span> <span class='ocrx_word' id='word_1_23' title='bbox 700 385 820 435; x_wconf 85' lang='lat' dir='ltr'><strong>aegram,</strong></span> 
     </span>
     <span class='ocr_line' id='line_1_5' title="bbox 100 441 849 511; baseline 0.004 -16"><span class='ocrx_word' id='word_1_24' title='bbox 100 441 189 496; x_wconf 90' lang='lat' dir='ltr'><strong>Multa</strong></span> <span class='ocrx_word' id='word_1_25' title='bbox 207 443 294 496; x_wconf 87' lang='lat' dir='ltr'><strong>malus</strong></span> <span class='ocrx_word' id='word_1_26' title='bbox 312 444 447 506; x_wconf 87' lang='lat' dir='ltr'><strong>simulans,</strong></span> <span class='ocrx_word' id='word_1_27' title='bbox 466 461 535 496; x_wconf 88' lang='lat' dir='ltr'><strong>vana</strong></span> <span class='ocrx_word' id='word_1_28' title='bbox 553 461 601 511; x_wconf 91' lang='lat' dir='ltr'><strong>spe</strong></span> <span class='ocrx_word' id='word_1_29' title='bbox 619 444 685 497; x_wconf 89' lang='lat' dir='ltr'><strong>lusit</strong></span> <span class='ocrx_word' id='word_1_30' title='bbox 703 448 849 498; x_wconf 78' lang='lat' dir='ltr'><strong>unientem.</strong></span> 
     </span>
     <span class='ocr_line' id='line_1_6' title="bbox 101 520 751 588; baseline 0 -16"><span class='ocrx_word' id='word_1_31' title='bbox 101 520 166 587; x_wconf 86' lang='lat' dir='ltr'><strong>Ipsa</strong></span> <span class='ocrx_word' id='word_1_32' title='bbox 183 520 233 572; x_wconf 90' lang='lat' dir='ltr'><strong>sed</strong></span> <span class='ocrx_word' id='word_1_33' title='bbox 250 521 278 572; x_wconf 92' lang='lat' dir='ltr'><strong>in</strong></span> <span class='ocrx_word' id='word_1_34' title='bbox 297 521 398 574; x_wconf 89' lang='lat' dir='ltr'><strong>somnis</strong></span> <span class='ocrx_word' id='word_1_35' title='bbox 415 521 549 574; x_wconf 88' lang='lat' dir='ltr'><strong>inhumati</strong></span> <span class='ocrx_word' id='word_1_36' title='bbox 568 522 643 574; x_wconf 85' lang='lat' dir='ltr'><strong>venit</strong></span> <span class='ocrx_word' id='word_1_37' title='bbox 661 522 751 588; x_wconf 84' lang='lat' dir='ltr'>imago</span> 
     </span>
     <span class='ocr_line' id='line_1_7' title="bbox 100 596 790 668; baseline 0 -18"><span class='ocrx_word' id='word_1_38' title='bbox 100 596 235 663; x_wconf 86' lang='lat' dir='ltr'><strong>Coniugis,</strong></span> <span class='ocrx_word' id='word_1_39' title='bbox 254 613 302 650; x_wconf 90' lang='lat' dir='ltr'><strong>ora</strong></span> <span class='ocrx_word' id='word_1_40' title='bbox 320 597 408 668; x_wconf 62' lang='lat' dir='ltr'><strong>nuidis</strong></span> <span class='ocrx_word' id='word_1_41' title='bbox 427 597 556 650; x_wconf 90' lang='lat' dir='ltr'><strong>attollens</strong></span> <span class='ocrx_word' id='word_1_42' title='bbox 575 597 678 664; x_wconf 85' lang='lat' dir='ltr'><strong>pallida</strong></span> <span class='ocrx_word' id='word_1_43' title='bbox 695 597 790 661; x_wconf 77' lang='lat' dir='ltr'><strong>nriris;</strong></span> 
     </span>
     <span class='ocr_line' id='line_1_8' title="bbox 100 672 952 742; baseline 0.004 -16"><span class='ocrx_word' id='word_1_44' title='bbox 100 672 226 726; x_wconf 79' lang='lat' dir='ltr'><strong>Crudelis</strong></span> <span class='ocrx_word' id='word_1_45' title='bbox 245 691 306 726; x_wconf 89' lang='lat' dir='ltr'><strong>aras</strong></span> <span class='ocrx_word' id='word_1_46' title='bbox 324 675 496 742; x_wconf 80' lang='lat' dir='ltr'><strong>traiectaque</strong></span> <span class='ocrx_word' id='word_1_47' title='bbox 515 678 627 742; x_wconf 86' lang='lat' dir='ltr'><strong>pectora</strong></span> <span class='ocrx_word' id='word_1_48' title='bbox 645 674 718 726; x_wconf 82' lang='lat' dir='ltr'><strong>ferre</strong></span> <span class='ocrx_word' id='word_1_49' title='bbox 917 690 952 729; x_wconf 76' lang='lat' dir='ltr'><strong>atr</strong></span> 
     </span>
     <span class='ocr_line' id='line_1_9' title="bbox 100 748 866 818; baseline 0.005 -18"><span class='ocrx_word' id='word_1_50' title='bbox 100 748 126 800; x_wconf 88' lang='lat' dir='ltr'><strong>N</strong></span> <span class='ocrx_word' id='word_1_51' title='bbox 129 749 231 815; x_wconf 85' lang='lat' dir='ltr'><strong>udavit‚</strong></span> <span class='ocrx_word' id='word_1_52' title='bbox 249 766 415 818; x_wconf 81' lang='lat' dir='ltr'><strong>caecumque</strong></span> <span class='ocrx_word' id='word_1_53' title='bbox 434 750 531 802; x_wconf 90' lang='lat' dir='ltr'><strong>domus</strong></span> <span class='ocrx_word' id='word_1_54' title='bbox 550 750 637 803; x_wconf 90' lang='lat' dir='ltr'><strong>seelus</strong></span> <span class='ocrx_word' id='word_1_55' title='bbox 655 767 735 803; x_wconf 90' lang='lat' dir='ltr'><strong>omne</strong></span> <span class='ocrx_word' id='word_1_56' title='bbox 754 750 866 804; x_wconf 78' lang='lat' dir='ltr'><strong>retexit.</strong></span> 
     </span>
     <span class='ocr_line' id='line_1_10' title="bbox 100 823 859 894; baseline 0.007 -19"><span class='ocrx_word' id='word_1_57' title='bbox 100 823 169 877; x_wconf 88' lang='lat' dir='ltr'><strong>&#39;lum</strong></span> <span class='ocrx_word' id='word_1_58' title='bbox 186 827 306 879; x_wconf 81' lang='lat' dir='ltr'><strong>celerare</strong></span> <span class='ocrx_word' id='word_1_59' title='bbox 323 827 416 894; x_wconf 84' lang='lat' dir='ltr'><strong>fugam</strong></span> <span class='ocrx_word' id='word_1_60' title='bbox 435 827 580 894; x_wconf 81' lang='lat' dir='ltr'><strong>patriaque</strong></span> <span class='ocrx_word' id='word_1_61' title='bbox 599 826 733 879; x_wconf 82' lang='lat' dir='ltr'><strong>excedere</strong></span> <span class='ocrx_word' id='word_1_62' title='bbox 752 826 859 894; x_wconf 80' lang='lat' dir='ltr'><strong>suadet,</strong></span> 
     </span>
     <span class='ocr_line' id='line_1_11' title="bbox 101 903 751 971; baseline 0.002 -17"><span class='ocrx_word' id='word_1_63' title='bbox 101 903 297 971; x_wconf 77' lang='lat' dir='ltr'><strong>Auxiliumque</strong></span> <span class='ocrx_word' id='word_1_64' title='bbox 316 904 375 957; x_wconf 89' lang='lat' dir='ltr'><strong>viae</strong></span> <span class='ocrx_word' id='word_1_65' title='bbox 394 903 494 957; x_wconf 85' lang='lat' dir='ltr'><strong>veteris</strong></span> <span class='ocrx_word' id='word_1_66' title='bbox 513 903 613 957; x_wconf 89' lang='lat' dir='ltr'><strong>tellure</strong></span> <span class='ocrx_word' id='word_1_67' title='bbox 632 903 751 956; x_wconf 84' lang='lat' dir='ltr'><strong>recludit</strong></span> 
     </span>
    </p>

    <p class='ocr_par' dir='ltr' id='par_1_3' title="bbox 43 978 952 1659">
     <span class='ocr_line' id='line_1_12' title="bbox 43 978 780 1048; baseline 0.001 -17"><span class='ocrx_word' id='word_1_68' title='bbox 43 987 86 1031; x_wconf 70' lang='lat'><strong>20</strong></span> <span class='ocrx_word' id='word_1_69' title='bbox 100 978 259 1044; x_wconf 81' lang='lat' dir='ltr'><strong>Thesauros,</strong></span> <span class='ocrx_word' id='word_1_70' title='bbox 277 980 401 1048; x_wconf 83' lang='lat' dir='ltr'><strong>ignotum</strong></span> <span class='ocrx_word' id='word_1_71' title='bbox 419 981 525 1047; x_wconf 83' lang='lat' dir='ltr'><strong>argenti</strong></span> <span class='ocrx_word' id='word_1_72' title='bbox 542 980 650 1047; x_wconf 90' lang='lat' dir='ltr'><strong>pondus</strong></span> <span class='ocrx_word' id='word_1_73' title='bbox 669 984 697 1033; x_wconf 88' lang='lat' dir='ltr'><strong>et</strong></span> <span class='ocrx_word' id='word_1_74' title='bbox 715 981 780 1034; x_wconf 88' lang='lat' dir='ltr'><strong>auri.</strong></span> 
     </span>
     <span class='ocr_line' id='line_1_13' title="bbox 100 1054 952 1125; baseline 0 -17"><span class='ocrx_word' id='word_1_75' title='bbox 100 1054 155 1108; x_wconf 89' lang='lat' dir='ltr'><strong>His</strong></span> <span class='ocrx_word' id='word_1_76' title='bbox 171 1062 305 1109; x_wconf 84' lang='lat' dir='ltr'><strong>commota</strong></span> <span class='ocrx_word' id='word_1_77' title='bbox 322 1056 415 1124; x_wconf 85' lang='lat' dir='ltr'><strong>fugam</strong></span> <span class='ocrx_word' id='word_1_78' title='bbox 434 1056 506 1109; x_wconf 90' lang='lat' dir='ltr'><strong>Dide</strong></span> <span class='ocrx_word' id='word_1_79' title='bbox 524 1057 666 1124; x_wconf 85' lang='lat' dir='ltr'><strong>sociosque</strong></span> <span class='ocrx_word' id='word_1_80' title='bbox 683 1057 805 1125; x_wconf 72' lang='lat' dir='ltr'><strong>parabat.</strong></span> <span class='ocrx_word' id='word_1_81' title='bbox 916 1065 952 1108; x_wconf 80' lang='grc'><strong>333</strong></span> 
     </span>
     <span class='ocr_line' id='line_1_14' title="bbox 99 1130 829 1203; baseline 0.001 -19"><span class='ocrx_word' id='word_1_82' title='bbox 99 1130 277 1203; x_wconf 74' lang='lat' dir='ltr'><strong>Conveniunt,</strong></span> <span class='ocrx_word' id='word_1_83' title='bbox 296 1133 395 1200; x_wconf 90' lang='lat' dir='ltr'><strong>quihus</strong></span> <span class='ocrx_word' id='word_1_84' title='bbox 414 1132 573 1186; x_wconf 87' lang='lat' dir='ltr'><strong>untedium</strong></span> <span class='ocrx_word' id='word_1_85' title='bbox 592 1132 703 1186; x_wconf 87' lang='lat' dir='ltr'><strong>crudele</strong></span> <span class='ocrx_word' id='word_1_86' title='bbox 721 1134 829 1200; x_wconf 80' lang='lat' dir='ltr'><strong>tyranni</strong></span> 
     </span>
     <span class='ocr_line' id='line_1_15' title="bbox 100 1209 864 1276; baseline 0.003 -16"><span class='ocrx_word' id='word_1_87' title='bbox 100 1209 161 1261; x_wconf 86' lang='lat' dir='ltr'><strong>Aut</strong></span> <span class='ocrx_word' id='word_1_88' title='bbox 178 1213 268 1262; x_wconf 87' lang='lat' dir='ltr'><strong>metus</strong></span> <span class='ocrx_word' id='word_1_89' title='bbox 286 1226 350 1262; x_wconf 75' lang='lat' dir='ltr'><strong>aner</strong></span> <span class='ocrx_word' id='word_1_90' title='bbox 367 1213 443 1273; x_wconf 86' lang='lat' dir='ltr'><strong>erat;</strong></span> <span class='ocrx_word' id='word_1_91' title='bbox 461 1209 544 1275; x_wconf 84' lang='lat' dir='ltr'><strong>navis,</strong></span> <span class='ocrx_word' id='word_1_92' title='bbox 563 1226 633 1276; x_wconf 86' lang='lat' dir='ltr'><strong>quae</strong></span> <span class='ocrx_word' id='word_1_93' title='bbox 652 1209 723 1263; x_wconf 81' lang='lat' dir='ltr'><strong>forte</strong></span> <span class='ocrx_word' id='word_1_94' title='bbox 742 1213 864 1276; x_wconf 86' lang='lat' dir='ltr'><strong>paratae,</strong></span> 
     </span>
     <span class='ocr_line' id='line_1_16' title="bbox 99 1284 813 1354; baseline 0 -16"><span class='ocrx_word' id='word_1_95' title='bbox 99 1284 265 1354; x_wconf 88' lang='lat' dir='ltr'><strong>Corripiunt,</strong></span> <span class='ocrx_word' id='word_1_96' title='bbox 284 1290 456 1353; x_wconf 86' lang='lat' dir='ltr'><strong>onerantque</strong></span> <span class='ocrx_word' id='word_1_97' title='bbox 473 1302 556 1350; x_wconf 88' lang='lat' dir='ltr'><strong>nuro;</strong></span> <span class='ocrx_word' id='word_1_98' title='bbox 575 1290 720 1353; x_wconf 87' lang='lat' dir='ltr'><strong>portantur</strong></span> <span class='ocrx_word' id='word_1_99' title='bbox 739 1286 813 1339; x_wconf 88' lang='lat' dir='ltr'><strong>avari</strong></span> 
     </span>
     <span class='ocr_line' id='line_1_17' title="bbox 100 1360 785 1434; baseline 0.001 -21"><span class='ocrx_word' id='word_1_100' title='bbox 100 1361 283 1428; x_wconf 79' lang='lat' dir='ltr'><strong>Pygmalionis</strong></span> <span class='ocrx_word' id='word_1_101' title='bbox 301 1379 366 1429; x_wconf 87' lang='lat' dir='ltr'><strong>opes</strong></span> <span class='ocrx_word' id='word_1_102' title='bbox 384 1361 497 1429; x_wconf 72' lang='lat' dir='ltr'><strong>pelago,</strong></span> <span class='ocrx_word' id='word_1_103' title='bbox 516 1360 785 1434; x_wconf 47' lang='lat' dir='ltr'><strong>dux-lemmffleti.</strong></span> 
     </span>
     <span class='ocr_line' id='line_1_18' title="bbox 99 1437 952 1510; baseline 0 -20"><span class='ocrx_word' id='word_1_104' title='bbox 99 1437 341 1510; x_wconf 52' lang='lat' dir='ltr'><strong>Devenqpssloces</strong></span> <span class='ocrx_word' id='word_1_105' title='bbox 360 1438 405 1490; x_wconf 91' lang='lat' dir='ltr'><strong>uhi</strong></span> <span class='ocrx_word' id='word_1_106' title='bbox 426 1454 496 1490; x_wconf 84' lang='lat' dir='ltr'><strong>nuno</strong></span> <span class='ocrx_word' id='word_1_107' title='bbox 514 1437 637 1505; x_wconf 83' lang='lat' dir='ltr'><strong>ingentia</strong></span> <span class='ocrx_word' id='word_1_108' title='bbox 655 1438 743 1490; x_wconf 91' lang='lat' dir='ltr'><strong>cernis</strong></span> <span class='ocrx_word' id='word_1_109' title='bbox 916 1451 952 1490; x_wconf 74' lang='lat' dir='ltr'><strong>eet</strong></span> 
     </span>
     <span class='ocr_line' id='line_1_19' title="bbox 98 1514 859 1583; baseline 0.001 -16"><span class='ocrx_word' id='word_1_110' title='bbox 98 1514 209 1567; x_wconf 86' lang='lat' dir='ltr'><strong>Moenia</strong></span> <span class='ocrx_word' id='word_1_111' title='bbox 227 1520 440 1582; x_wconf 84' lang='lat' dir='ltr'><strong>surgentemque</strong></span> <span class='ocrx_word' id='word_1_112' title='bbox 458 1531 543 1567; x_wconf 86' lang='lat' dir='ltr'><strong>novae</strong></span> <span class='ocrx_word' id='word_1_113' title='bbox 564 1515 742 1582; x_wconf 85' lang='lat' dir='ltr'><strong>Karthaginis</strong></span> <span class='ocrx_word' id='word_1_114' title='bbox 760 1532 859 1583; x_wconf 88' lang='lat' dir='ltr'><strong>arcem,</strong></span> 
     </span>
     <span class='ocr_line' id='line_1_20' title="bbox 99 1591 790 1659; baseline 0 -15"><span class='ocrx_word' id='word_1_115' title='bbox 99 1591 271 1659; x_wconf 87' lang='lat' dir='ltr'><strong>Mereatique</strong></span> <span class='ocrx_word' id='word_1_116' title='bbox 290 1591 385 1656; x_wconf 84' lang='lat' dir='ltr'><strong>solmn,</strong></span> <span class='ocrx_word' id='word_1_117' title='bbox 402 1591 469 1644; x_wconf 87' lang='lat' dir='ltr'><strong>facti</strong></span> <span class='ocrx_word' id='word_1_118' title='bbox 487 1591 523 1644; x_wconf 88' lang='lat' dir='ltr'><strong>de</strong></span> <span class='ocrx_word' id='word_1_119' title='bbox 540 1591 649 1644; x_wconf 92' lang='lat' dir='ltr'><strong>nomine</strong></span> <span class='ocrx_word' id='word_1_120' title='bbox 668 1591 790 1659; x_wconf 81' lang='lat' dir='ltr'><strong>Byrsam,</strong></span> 
     </span>
    </p>

    <p class='ocr_par' dir='ltr' id='par_1_4' title="bbox 40 1666 951 1966">
     <span class='ocr_line' id='line_1_21' title="bbox 40 1666 794 1742; baseline 0.004 -25"><span class='ocrx_word' id='word_1_121' title='bbox 40 1682 85 1742; x_wconf 55' lang='grc' dir='ltr'><strong>,ῃ</strong></span> <span class='ocrx_word' id='word_1_122' title='bbox 99 1666 216 1720; x_wconf 85' lang='lat' dir='ltr'><strong>Taurino</strong></span> <span class='ocrx_word' id='word_1_123' title='bbox 234 1672 368 1735; x_wconf 85' lang='lat' dir='ltr'><strong>quantum</strong></span> <span class='ocrx_word' id='word_1_124' title='bbox 386 1671 499 1736; x_wconf 85' lang='lat' dir='ltr'><strong>possent</strong></span> <span class='ocrx_word' id='word_1_125' title='bbox 517 1668 687 1722; x_wconf 84' lang='lat' dir='ltr'><strong>circumdare</strong></span> <span class='ocrx_word' id='word_1_126' title='bbox 707 1673 794 1736; x_wconf 85' lang='lat' dir='ltr'><strong>tergo.</strong></span> 
     </span>
     <span class='ocr_line' id='line_1_22' title="bbox 99 1743 875 1812; baseline 0.001 -16"><span class='ocrx_word' id='word_1_127' title='bbox 99 1743 156 1796; x_wconf 81' lang='lat' dir='ltr'><strong>Sed</strong></span> <span class='ocrx_word' id='word_1_128' title='bbox 174 1760 220 1796; x_wconf 91' lang='lat' dir='ltr'><strong>vos</strong></span> <span class='ocrx_word' id='word_1_129' title='bbox 239 1744 287 1812; x_wconf 92' lang='lat' dir='ltr'><strong>qui</strong></span> <span class='ocrx_word' id='word_1_130' title='bbox 305 1744 424 1810; x_wconf 88' lang='lat' dir='ltr'><strong>tandem,</strong></span> <span class='ocrx_word' id='word_1_131' title='bbox 444 1743 543 1812; x_wconf 87' lang='lat' dir='ltr'><strong>quibus</strong></span> <span class='ocrx_word' id='word_1_132' title='bbox 562 1748 610 1797; x_wconf 90' lang='lat' dir='ltr'><strong>aut</strong></span> <span class='ocrx_word' id='word_1_133' title='bbox 627 1745 740 1798; x_wconf 87' lang='lat' dir='ltr'><strong>venistis</strong></span> <span class='ocrx_word' id='word_1_134' title='bbox 759 1743 794 1796; x_wconf 89' lang='lat' dir='ltr'><strong>ab</strong></span> <span class='ocrx_word' id='word_1_135' title='bbox 812 1744 875 1810; x_wconf 89' lang='lat' dir='ltr'><strong>oris,</strong></span> 
     </span>
     <span class='ocr_line' id='line_1_23' title="bbox 99 1819 951 1886; baseline 0.004 -15"><span class='ocrx_word' id='word_1_136' title='bbox 99 1819 194 1883; x_wconf 81' lang='lat' dir='ltr'><strong>Quove</strong></span> <span class='ocrx_word' id='word_1_137' title='bbox 212 1821 314 1874; x_wconf 86' lang='lat' dir='ltr'><strong>tenetis</strong></span> <span class='ocrx_word' id='word_1_138' title='bbox 332 1822 403 1874; x_wconf 80' lang='lat' dir='ltr'><strong>iteri</strong></span> <span class='ocrx_word' id='word_1_139' title='bbox 431 1822 580 1886; x_wconf 78' lang='lat' dir='ltr'><strong>Quaerenti</strong></span> <span class='ocrx_word' id='word_1_140' title='bbox 599 1821 701 1874; x_wconf 86' lang='lat' dir='ltr'><strong>talibus</strong></span> <span class='ocrx_word' id='word_1_141' title='bbox 719 1821 765 1874; x_wconf 92' lang='lat' dir='ltr'><strong>ille</strong></span> <span class='ocrx_word' id='word_1_142' title='bbox 914 1835 951 1876; x_wconf 79' lang='lat' dir='ltr'><strong>are</strong></span> 
     </span>
     <span class='ocr_line' id='line_1_24' title="bbox 98 1895 789 1966; baseline 0.004 -19"><span class='ocrx_word' id='word_1_143' title='bbox 98 1895 244 1963; x_wconf 83' lang='lat' dir='ltr'><strong>Suspirans</strong></span> <span class='ocrx_word' id='word_1_144' title='bbox 262 1897 371 1966; x_wconf 89' lang='lat' dir='ltr'><strong>imoque</strong></span> <span class='ocrx_word' id='word_1_145' title='bbox 390 1895 502 1950; x_wconf 86' lang='lat' dir='ltr'><strong>trahens</strong></span> <span class='ocrx_word' id='word_1_146' title='bbox 519 1915 536 1950; x_wconf 91' lang='lat' dir='ltr'><strong>a</strong></span> <span class='ocrx_word' id='word_1_147' title='bbox 553 1902 665 1964; x_wconf 87' lang='lat' dir='ltr'><strong>pectore</strong></span> <span class='ocrx_word' id='word_1_148' title='bbox 683 1914 789 1950; x_wconf 62' lang='lat' dir='ltr'><strong>vvoeem:</strong></span> 
     </span>
    </p>

    <p class='ocr_par' dir='ltr' id='par_1_5' title="bbox 135 1971 843 2042">
     <span class='ocr_line' id='line_1_25' title="bbox 135 1971 843 2042; baseline 0.001 -18"><span class='ocrx_word' id='word_1_149' title='bbox 135 1971 158 2024; x_wconf 90' lang='grc' dir='ltr'>Ο</span> <span class='ocrx_word' id='word_1_150' title='bbox 177 1974 236 2040; x_wconf 87' lang='lat' dir='ltr'><strong>dea,</strong></span> <span class='ocrx_word' id='word_1_151' title='bbox 255 1973 278 2026; x_wconf 91' lang='lat' dir='ltr'><strong>si</strong></span> <span class='ocrx_word' id='word_1_152' title='bbox 296 1974 384 2042; x_wconf 89' lang='lat' dir='ltr'><strong>prima</strong></span> <span class='ocrx_word' id='word_1_153' title='bbox 401 1977 528 2041; x_wconf 89' lang='lat' dir='ltr'><strong>repetens</strong></span> <span class='ocrx_word' id='word_1_154' title='bbox 547 1974 582 2026; x_wconf 88' lang='lat' dir='ltr'><strong>ab</strong></span> <span class='ocrx_word' id='word_1_155' title='bbox 600 1974 705 2041; x_wconf 88' lang='lat' dir='ltr'><strong>origine</strong></span> <span class='ocrx_word' id='word_1_156' title='bbox 723 1988 843 2042; x_wconf 87' lang='lat' dir='ltr'><strong>pergam,</strong></span> 
     </span>
    </p>

    <p class='ocr_par' dir='ltr' id='par_1_6' title="bbox 99 2048 951 2729">
     <span class='ocr_line' id='line_1_26' title="bbox 99 2048 790 2116; baseline 0 -15"><span class='ocrx_word' id='word_1_157' title='bbox 99 2048 138 2101; x_wconf 81' lang='lat' dir='ltr'><strong>llt</strong></span> <span class='ocrx_word' id='word_1_158' title='bbox 154 2053 233 2102; x_wconf 87' lang='lat' dir='ltr'><strong>vacet</strong></span> <span class='ocrx_word' id='word_1_159' title='bbox 251 2049 354 2102; x_wconf 88' lang='lat' dir='ltr'><strong>annalis</strong></span> <span class='ocrx_word' id='word_1_160' title='bbox 372 2053 527 2101; x_wconf 89' lang='lat' dir='ltr'><strong>nostrorum</strong></span> <span class='ocrx_word' id='word_1_161' title='bbox 546 2049 641 2102; x_wconf 89' lang='lat' dir='ltr'><strong>audire</strong></span> <span class='ocrx_word' id='word_1_162' title='bbox 659 2048 790 2116; x_wconf 90' lang='lat' dir='ltr'><strong>laborum,</strong></span> 
     </span>
     <span class='ocr_line' id='line_1_27' title="bbox 101 2125 794 2193; baseline 0 -16"><span class='ocrx_word' id='word_1_163' title='bbox 101 2127 175 2178; x_wconf 89' lang='lat' dir='ltr'><strong>Ante</strong></span> <span class='ocrx_word' id='word_1_164' title='bbox 194 2125 267 2179; x_wconf 89' lang='lat' dir='ltr'><strong>diem</strong></span> <span class='ocrx_word' id='word_1_165' title='bbox 285 2125 375 2179; x_wconf 86' lang='lat' dir='ltr'><strong>clauso</strong></span> <span class='ocrx_word' id='word_1_166' title='bbox 394 2129 528 2192; x_wconf 78' lang='lat' dir='ltr'><strong>eerrponat</strong></span> <span class='ocrx_word' id='word_1_167' title='bbox 548 2125 655 2193; x_wconf 88' lang='lat' dir='ltr'><strong>Vesper</strong></span> <span class='ocrx_word' id='word_1_168' title='bbox 674 2125 794 2192; x_wconf 70' lang='lat' dir='ltr'><strong>Olympo.</strong></span> 
     </span>
     <span class='ocr_line' id='line_1_28' title="bbox 100 2201 951 2270; baseline 0.004 -15"><span class='ocrx_word' id='word_1_169' title='bbox 100 2201 158 2255; x_wconf 90' lang='lat' dir='ltr'><strong>Nos</strong></span> <span class='ocrx_word' id='word_1_170' title='bbox 177 2202 256 2255; x_wconf 87' lang='lat' dir='ltr'><strong>&#39;l&#39;roia</strong></span> <span class='ocrx_word' id='word_1_171' title='bbox 274 2203 394 2270; x_wconf 87' lang='lat' dir='ltr'><strong>antiqua,</strong></span> <span class='ocrx_word' id='word_1_172' title='bbox 414 2201 436 2254; x_wconf 89' lang='lat' dir='ltr'><strong>si</strong></span> <span class='ocrx_word' id='word_1_173' title='bbox 455 2205 561 2255; x_wconf 88' lang='lat' dir='ltr'><strong>vestras</strong></span> <span class='ocrx_word' id='word_1_174' title='bbox 579 2201 651 2254; x_wconf 84' lang='lat' dir='ltr'><strong>forte</strong></span> <span class='ocrx_word' id='word_1_175' title='bbox 669 2218 719 2269; x_wconf 92' lang='lat' dir='ltr'><strong>per</strong></span> <span class='ocrx_word' id='word_1_176' title='bbox 737 2202 811 2255; x_wconf 89' lang='lat' dir='ltr'><strong>auris</strong></span> <span class='ocrx_word' id='word_1_177' title='bbox 916 2217 951 2258; x_wconf 78' lang='grc'><strong>373</strong></span> 
     </span>
     <span class='ocr_line' id='line_1_29' title="bbox 100 2277 813 2347; baseline 0.004 -18"><span class='ocrx_word' id='word_1_178' title='bbox 100 2277 197 2330; x_wconf 83' lang='lat' dir='ltr'><strong>Troiae</strong></span> <span class='ocrx_word' id='word_1_179' title='bbox 215 2294 311 2331; x_wconf 87' lang='lat' dir='ltr'><strong>nemen</strong></span> <span class='ocrx_word' id='word_1_180' title='bbox 329 2279 368 2341; x_wconf 90' lang='lat' dir='ltr'><strong>iit,</strong></span> <span class='ocrx_word' id='word_1_181' title='bbox 386 2277 495 2330; x_wconf 88' lang='lat' dir='ltr'><strong>diversa</strong></span> <span class='ocrx_word' id='word_1_182' title='bbox 513 2295 563 2346; x_wconf 84' lang='lat' dir='ltr'><strong>per</strong></span> <span class='ocrx_word' id='word_1_183' title='bbox 582 2295 702 2347; x_wconf 86' lang='lat' dir='ltr'><strong>aequora</strong></span> <span class='ocrx_word' id='word_1_184' title='bbox 720 2282 813 2332; x_wconf 86' lang='lat' dir='ltr'><strong>vectes</strong></span> 
     </span>
     <span class='ocr_line' id='line_1_30' title="bbox 100 2354 749 2423; baseline 0 -15"><span class='ocrx_word' id='word_1_185' title='bbox 100 2354 184 2408; x_wconf 83' lang='lat' dir='ltr'><strong>Ferte</strong></span> <span class='ocrx_word' id='word_1_186' title='bbox 203 2371 252 2407; x_wconf 85' lang='lat' dir='ltr'><strong>sua</strong></span> <span class='ocrx_word' id='word_1_187' title='bbox 271 2355 376 2422; x_wconf 81' lang='lat' dir='ltr'><strong>Libyeis</strong></span> <span class='ocrx_word' id='word_1_188' title='bbox 393 2357 544 2423; x_wconf 85' lang='lat' dir='ltr'><strong>tempestas</strong></span> <span class='ocrx_word' id='word_1_189' title='bbox 562 2354 670 2423; x_wconf 85' lang='lat' dir='ltr'><strong>adpulit</strong></span> <span class='ocrx_word' id='word_1_190' title='bbox 688 2356 749 2408; x_wconf 89' lang='lat' dir='ltr'><strong>oris.</strong></span> 
     </span>
     <span class='ocr_line' id='line_1_31' title="bbox 100 2431 841 2501; baseline 0.003 -17"><span class='ocrx_word' id='word_1_191' title='bbox 100 2431 244 2500; x_wconf 76' lang='lat' dir='ltr'><strong>Sumptus</strong></span> <span class='ocrx_word' id='word_1_192' title='bbox 264 2433 380 2497; x_wconf 85' lang='lat' dir='ltr'><strong>Aeneas,</strong></span> <span class='ocrx_word' id='word_1_193' title='bbox 399 2435 492 2499; x_wconf 84' lang='lat' dir='ltr'><strong>raptos</strong></span> <span class='ocrx_word' id='word_1_194' title='bbox 511 2432 557 2501; x_wconf 90' lang='lat' dir='ltr'><strong>qui</strong></span> <span class='ocrx_word' id='word_1_195' title='bbox 576 2449 610 2486; x_wconf 89' lang='lat' dir='ltr'><strong>ex</strong></span> <span class='ocrx_word' id='word_1_196' title='bbox 628 2432 707 2485; x_wconf 90' lang='lat' dir='ltr'><strong>hoste</strong></span> <span class='ocrx_word' id='word_1_197' title='bbox 728 2432 841 2486; x_wconf 86' lang='lat' dir='ltr'><strong>Penatis</strong></span> 
     </span>
     <span class='ocr_line' id='line_1_32' title="bbox 101 2507 838 2576; baseline 0.004 -17"><span class='ocrx_word' id='word_1_198' title='bbox 101 2507 194 2560; x_wconf 84' lang='lat' dir='ltr'><strong>Classe</strong></span> <span class='ocrx_word' id='word_1_199' title='bbox 211 2507 279 2561; x_wconf 90' lang='lat' dir='ltr'><strong>veho</strong></span> <span class='ocrx_word' id='word_1_200' title='bbox 297 2525 410 2572; x_wconf 72' lang='lat' dir='ltr'><strong>anesum,</strong></span> <span class='ocrx_word' id='word_1_201' title='bbox 428 2508 501 2560; x_wconf 86' lang='lat' dir='ltr'><strong>fama</strong></span> <span class='ocrx_word' id='word_1_202' title='bbox 519 2525 601 2576; x_wconf 92' lang='lat' dir='ltr'><strong>super</strong></span> <span class='ocrx_word' id='word_1_203' title='bbox 619 2507 733 2562; x_wconf 85' lang='lat' dir='ltr'><strong>aethera</strong></span> <span class='ocrx_word' id='word_1_204' title='bbox 750 2512 838 2562; x_wconf 89' lang='lat' dir='ltr'><strong>notus.</strong></span> 
     </span>
     <span class='ocr_line' id='line_1_33' title="bbox 102 2583 951 2652; baseline 0 -16"><span class='ocrx_word' id='word_1_205' title='bbox 102 2583 210 2636; x_wconf 88' lang='lat' dir='ltr'><strong>Italiam</strong></span> <span class='ocrx_word' id='word_1_206' title='bbox 229 2601 330 2652; x_wconf 88' lang='lat' dir='ltr'><strong>quaere</strong></span> <span class='ocrx_word' id='word_1_207' title='bbox 348 2583 466 2652; x_wconf 87' lang='lat' dir='ltr'><strong>patriam</strong></span> <span class='ocrx_word' id='word_1_208' title='bbox 484 2588 513 2636; x_wconf 90' lang='lat' dir='ltr'><strong>et</strong></span> <span class='ocrx_word' id='word_1_209' title='bbox 530 2599 616 2650; x_wconf 83' lang='lat' dir='ltr'><strong>genus</strong></span> <span class='ocrx_word' id='word_1_210' title='bbox 634 2583 668 2636; x_wconf 88' lang='lat' dir='ltr'><strong>ab</strong></span> <span class='ocrx_word' id='word_1_211' title='bbox 688 2584 754 2636; x_wconf 89' lang='lat' dir='ltr'><strong>Iove</strong></span> <span class='ocrx_word' id='word_1_212' title='bbox 772 2601 883 2638; x_wconf 89' lang='lat' dir='ltr'><strong>summo.</strong></span> <span class='ocrx_word' id='word_1_213' title='bbox 914 2599 951 2636; x_wconf 82' lang='lat' dir='ltr'><strong>aso</strong></span> 
     </span>
     <span class='ocr_line' id='line_1_34' title="bbox 100 2659 830 2729; baseline 0 -15"><span class='ocrx_word' id='word_1_214' title='bbox 100 2659 150 2714; x_wconf 88' lang='lat' dir='ltr'><strong>Bis</strong></span> <span class='ocrx_word' id='word_1_215' title='bbox 168 2661 245 2714; x_wconf 88' lang='lat' dir='ltr'><strong>denis</strong></span> <span class='ocrx_word' id='word_1_216' title='bbox 263 2660 411 2729; x_wconf 81' lang='lat' dir='ltr'><strong>Phrygium</strong></span> <span class='ocrx_word' id='word_1_217' title='bbox 429 2659 572 2714; x_wconf 80' lang='lat' dir='ltr'><strong>euriseendi</strong></span> <span class='ocrx_word' id='word_1_218' title='bbox 589 2659 703 2712; x_wconf 91' lang='lat' dir='ltr'><strong>navibus</strong></span> <span class='ocrx_word' id='word_1_219' title='bbox 720 2677 830 2728; x_wconf 85' lang='lat' dir='ltr'><strong>aequor,</strong></span> 
     </span>
    </p>

    <p class='ocr_par' dir='ltr' id='par_1_7' title="bbox 51 2737 846 2804">
     <span class='ocr_line' id='line_1_35' title="bbox 51 2737 846 2804; baseline 0 -14"><span class='ocrx_word' id='word_1_220' title='bbox 51 2796 55 2803; x_wconf 55' lang='grc'><strong>,</strong></span> <span class='ocrx_word' id='word_1_221' title='bbox 100 2737 192 2791; x_wconf 87' lang='lat' dir='ltr'><strong>Matre</strong></span> <span class='ocrx_word' id='word_1_222' title='bbox 210 2739 262 2792; x_wconf 88' lang='lat' dir='ltr'><strong>dea</strong></span> <span class='ocrx_word' id='word_1_223' title='bbox 279 2741 448 2791; x_wconf 85' lang='lat' dir='ltr'><strong>monstrante</strong></span> <span class='ocrx_word' id='word_1_224' title='bbox 466 2738 545 2804; x_wconf 73' lang='lat' dir='ltr'><strong>daur,</strong></span> <span class='ocrx_word' id='word_1_225' title='bbox 564 2737 629 2790; x_wconf 87' lang='lat' dir='ltr'><strong>data</strong></span> <span class='ocrx_word' id='word_1_226' title='bbox 646 2738 704 2790; x_wconf 86' lang='lat' dir='ltr'><strong>fata</strong></span> <span class='ocrx_word' id='word_1_227' title='bbox 722 2741 846 2802; x_wconf 80' lang='lat' dir='ltr'><strong>secutus3</strong></span> 
     </span>
    </p>

    <p class='ocr_par' dir='ltr' id='par_1_8' title="bbox 49 2807 950 3096">
     <span class='ocr_line' id='line_1_36' title="bbox 49 2807 856 2883; baseline 0.001 -19"><span class='ocrx_word' id='word_1_228' title='bbox 49 2807 67 2853; x_wconf 66' lang='grc' dir='ltr'><strong><em>ἱ</em></strong></span> <span class='ocrx_word' id='word_1_229' title='bbox 76 2809 156 2866; x_wconf 72' lang='lat' dir='ltr'><strong>rvix</strong></span> <span class='ocrx_word' id='word_1_230' title='bbox 174 2818 279 2882; x_wconf 89' lang='lat' dir='ltr'><strong>septem</strong></span> <span class='ocrx_word' id='word_1_231' title='bbox 298 2814 438 2867; x_wconf 84' lang='lat' dir='ltr'><strong>convolsae</strong></span> <span class='ocrx_word' id='word_1_232' title='bbox 455 2813 537 2867; x_wconf 93' lang='lat' dir='ltr'><strong>undis</strong></span> <span class='ocrx_word' id='word_1_233' title='bbox 556 2814 684 2883; x_wconf 83' lang='lat' dir='ltr'><strong>Euroque</strong></span> <span class='ocrx_word' id='word_1_234' title='bbox 703 2818 856 2882; x_wconf 88' lang='lat' dir='ltr'><strong>supersunt.</strong></span> 
     </span>
     <span class='ocr_line' id='line_1_37' title="bbox 101 2888 801 2959; baseline 0.004 -18"><span class='ocrx_word' id='word_1_235' title='bbox 101 2888 166 2958; x_wconf 87' lang='lat' dir='ltr'><strong>Ipse</strong></span> <span class='ocrx_word' id='word_1_236' title='bbox 183 2891 298 2958; x_wconf 85' lang='lat' dir='ltr'><strong>ignotus,</strong></span> <span class='ocrx_word' id='word_1_237' title='bbox 316 2907 406 2957; x_wconf 85' lang='lat' dir='ltr'><strong>egens,</strong></span> <span class='ocrx_word' id='word_1_238' title='bbox 427 2889 529 2958; x_wconf 83' lang='lat' dir='ltr'><strong>Libyae</strong></span> <span class='ocrx_word' id='word_1_239' title='bbox 548 2891 660 2944; x_wconf 85' lang='lat' dir='ltr'><strong>deserta</strong></span> <span class='ocrx_word' id='word_1_240' title='bbox 677 2907 801 2959; x_wconf 87' lang='lat' dir='ltr'><strong>peragro,</strong></span> 
     </span>
     <span class='ocr_line' id='line_1_38' title="bbox 100 2965 950 3035; baseline 0 -16"><span class='ocrx_word' id='word_1_241' title='bbox 100 2965 209 3034; x_wconf 82' lang='lat' dir='ltr'><strong>Europa</strong></span> <span class='ocrx_word' id='word_1_242' title='bbox 221 2972 305 3035; x_wconf 88' lang='lat' dir='ltr'><strong>atque</strong></span> <span class='ocrx_word' id='word_1_243' title='bbox 321 2966 388 3018; x_wconf 79' lang='lat' dir='ltr'><strong>Asia</strong></span> <span class='ocrx_word' id='word_1_244' title='bbox 404 2965 504 3032; x_wconf 89' lang='lat' dir='ltr'><strong>pulsus.</strong></span> <span class='ocrx_word' id='word_1_245' title='bbox 542 2966 568 3018; x_wconf 93' lang='lat' dir='ltr'>N</span> <span class='ocrx_word' id='word_1_246' title='bbox 570 2983 601 3020; x_wconf 87' lang='lat' dir='ltr'><strong>ee</strong></span> <span class='ocrx_word' id='word_1_247' title='bbox 619 2967 699 3034; x_wconf 87' lang='lat' dir='ltr'><strong>plura</strong></span> <span class='ocrx_word' id='word_1_248' title='bbox 717 2968 879 3034; x_wconf 86' lang='lat' dir='ltr'><strong>querentem</strong></span> <span class='ocrx_word' id='word_1_249' title='bbox 913 2980 950 3019; x_wconf 76' lang='lat' dir='ltr'><strong>ast</strong></span> 
     </span>
     <span class='ocr_line' id='line_1_39' title="bbox 101 3041 794 3096; baseline 0.003 -2"><span class='ocrx_word' id='word_1_250' title='bbox 101 3041 185 3095; x_wconf 85' lang='lat' dir='ltr'><strong>Passa</strong></span> <span class='ocrx_word' id='word_1_251' title='bbox 206 3043 298 3096; x_wconf 82' lang='lat' dir='ltr'><strong>l&#39;enus</strong></span> <span class='ocrx_word' id='word_1_252' title='bbox 314 3042 405 3096; x_wconf 87' lang='lat' dir='ltr'><strong>medio</strong></span> <span class='ocrx_word' id='word_1_253' title='bbox 423 3042 461 3095; x_wconf 89' lang='lat' dir='ltr'><strong>sie</strong></span> <span class='ocrx_word' id='word_1_254' title='bbox 479 3043 609 3096; x_wconf 86' lang='lat' dir='ltr'><strong>interfata</strong></span> <span class='ocrx_word' id='word_1_255' title='bbox 627 3042 720 3096; x_wconf 89' lang='lat' dir='ltr'><strong>dolore</strong></span> <span class='ocrx_word' id='word_1_256' title='bbox 739 3046 794 3096; x_wconf 89' lang='lat' dir='ltr'><strong>est:</strong></span> 
     </span>
    </p>

    <p class='ocr_par' dir='ltr' id='par_1_9' title="bbox 136 3117 930 3187">
     <span class='ocr_line' id='line_1_40' title="bbox 136 3117 930 3187; baseline 0.003 -15"><span class='ocrx_word' id='word_1_257' title='bbox 136 3117 262 3187; x_wconf 85' lang='lat' dir='ltr'><strong>Quisquis</strong></span> <span class='ocrx_word' id='word_1_258' title='bbox 280 3137 316 3183; x_wconf 85' lang='lat' dir='ltr'><strong>es,</strong></span> <span class='ocrx_word' id='word_1_259' title='bbox 334 3119 415 3180; x_wconf 84' lang='lat' dir='ltr'><strong>haud,</strong></span> <span class='ocrx_word' id='word_1_260' title='bbox 438 3119 528 3184; x_wconf 86' lang='lat' dir='ltr'><strong>crede,</strong></span> <span class='ocrx_word' id='word_1_261' title='bbox 547 3119 649 3172; x_wconf 88' lang='lat' dir='ltr'><strong>invisus</strong></span> <span class='ocrx_word' id='word_1_262' title='bbox 667 3119 831 3172; x_wconf 82' lang='lat' dir='ltr'><strong>caelestibus</strong></span> <span class='ocrx_word' id='word_1_263' title='bbox 848 3135 930 3174; x_wconf 81' lang='lat' dir='ltr'><strong>auras</strong></span> 
     </span>
    </p>
   </div>
   <div class='ocr_carea' id='block_1_3' title="bbox 103 3195 788 3310">
    <p class='ocr_par' dir='ltr' id='par_1_10' title="bbox 103 3195 788 3310">
     <span class='ocr_line' id='line_1_41' title="bbox 103 3195 788 3310; baseline 0.004 -65"><span class='ocrx_word' id='word_1_264' title='bbox 103 3195 200 3310; x_wconf 54' lang='lat' dir='ltr'><strong>Vitalgs</strong></span> <span class='ocrx_word' id='word_1_265' title='bbox 218 3196 313 3264; x_wconf 82' lang='lat' dir='ltr'><strong>sarpis,</strong></span> <span class='ocrx_word' id='word_1_266' title='bbox 334 3195 439 3263; x_wconf 72' lang='lat' dir='ltr'><strong>Tyriam</strong></span> <span class='ocrx_word' id='word_1_267' title='bbox 458 3196 504 3261; x_wconf 90' lang='lat' dir='ltr'><strong>qui</strong></span> <span class='ocrx_word' id='word_1_268' title='bbox 522 3195 666 3248; x_wconf 85' lang='lat' dir='ltr'><strong>adveneris</strong></span> <span class='ocrx_word' id='word_1_269' title='bbox 684 3195 788 3248; x_wconf 88' lang='lat' dir='ltr'><strong>urbem.</strong></span> 
     </span>
    </p>
   </div>
   <div class='ocr_carea' id='block_1_4' title="bbox 0 0 1084 3506">
    <p class='ocr_par' dir='ltr' id='par_1_11' title="bbox 0 0 1084 3506">
     <span class='ocr_line' id='line_1_42' title="bbox 0 0 1084 3506; baseline 0 0"><span class='ocrx_word' id='word_1_270' title='bbox 0 0 1084 3506; x_wconf 95' lang='lat' dir='ltr'><strong> </strong></span> 
     </span>
    </p>
   </div>
  </div>
 </body>
</html>
