<?xml version="1.0" encoding="UTF-8"?>
<!DOCTYPE html PUBLIC "-//W3C//DTD XHTML 1.0 Transitional//EN"
    "http://www.w3.org/TR/xhtml1/DTD/xhtml1-transitional.dtd">
<html xmlns="http://www.w3.org/1999/xhtml" xml:lang="en" lang="en">
 <head>
  <title>
</title>
<meta http-equiv="Content-Type" content="text/html;charset=utf-8" />
  <meta name='ocr-system' content='tesseract 3.04.00' />
  <meta name='ocr-capabilities' content='ocr_page ocr_carea ocr_par ocr_line ocrx_word'/>
</head>
<body>
  <div class='ocr_page' id='page_1' title='image "./operaexrecensio03virggoog_0238.png"; bbox 0 0 2174 3502; ppageno 0'>
   <div class='ocr_carea' id='block_1_1' title="bbox 101 120 713 172">
    <p class='ocr_par' dir='ltr' id='par_1_1' title="bbox 101 120 713 172">
     <span class='ocr_line' id='line_1_1' title="bbox 101 120 713 172; baseline -0.007 0"><span class='ocrx_word' id='word_1_1' title='bbox 101 126 147 172; x_wconf 73' lang='grc'>226</span> <span class='ocrx_word' id='word_1_2' title='bbox 353 120 536 169; x_wconf 78' lang='lat' dir='ltr'>AENEIDes</span> <span class='ocrx_word' id='word_1_3' title='bbox 555 121 624 168; x_wconf 87' lang='lat' dir='ltr'>LlB.</span> <span class='ocrx_word' id='word_1_4' title='bbox 650 121 713 168; x_wconf 76' lang='lat' dir='ltr'>vir.</span> 
     </span>
    </p>
   </div>
   <div class='ocr_carea' id='block_1_2' title="bbox 97 201 952 579">
    <p class='ocr_par' dir='ltr' id='par_1_2' title="bbox 99 201 781 269">
     <span class='ocr_line' id='line_1_2' title="bbox 99 201 781 269; baseline -0.003 -13"><span class='ocrx_word' id='word_1_5' title='bbox 99 203 230 269; x_wconf 74' lang='lat' dir='ltr'><strong>Sustinet,</strong></span> <span class='ocrx_word' id='word_1_6' title='bbox 250 204 390 255; x_wconf 86' lang='lat' dir='ltr'>Aetnaeos</span> <span class='ocrx_word' id='word_1_7' title='bbox 408 201 545 255; x_wconf 86' lang='lat' dir='ltr'>efflantem</span> <span class='ocrx_word' id='word_1_8' title='bbox 562 201 686 254; x_wconf 85' lang='lat' dir='ltr'>faucibus</span> <span class='ocrx_word' id='word_1_9' title='bbox 703 201 781 268; x_wconf 85' lang='lat' dir='ltr'>ignis,</span> 
     </span>
    </p>

    <p class='ocr_par' dir='ltr' id='par_1_3' title="bbox 98 276 906 422">
     <span class='ocr_line' id='line_1_3' title="bbox 99 276 906 346; baseline 0 -16"><span class='ocrx_word' id='word_1_10' title='bbox 99 279 164 332; x_wconf 83' lang='lat' dir='ltr'>&#39;l&#39;am</span> <span class='ocrx_word' id='word_1_11' title='bbox 182 278 268 346; x_wconf 85' lang='lat' dir='ltr'>magis</span> <span class='ocrx_word' id='word_1_12' title='bbox 285 276 332 330; x_wconf 87' lang='lat' dir='ltr'>illa</span> <span class='ocrx_word' id='word_1_13' title='bbox 349 277 470 330; x_wconf 81' lang='lat' dir='ltr'>fremens</span> <span class='ocrx_word' id='word_1_14' title='bbox 488 281 518 330; x_wconf 88' lang='lat' dir='ltr'>et</span> <span class='ocrx_word' id='word_1_15' title='bbox 536 278 661 332; x_wconf 88' lang='lat' dir='ltr'>tristibus</span> <span class='ocrx_word' id='word_1_16' title='bbox 679 277 763 330; x_wconf 78' lang='lat' dir='ltr'>effera</span> <span class='ocrx_word' id='word_1_17' title='bbox 780 276 906 344; x_wconf 86' lang='lat' dir='ltr'>flammis,</span> 
     </span>
     <span class='ocr_line' id='line_1_4' title="bbox 98 353 859 422; baseline 0 -15"><span class='ocrx_word' id='word_1_18' title='bbox 98 355 185 419; x_wconf 81' lang='lat' dir='ltr'>Quam</span> <span class='ocrx_word' id='word_1_19' title='bbox 203 354 289 422; x_wconf 73' lang='lat' dir='ltr'>magis</span> <span class='ocrx_word' id='word_1_20' title='bbox 307 353 393 407; x_wconf 82' lang='lat' dir='ltr'>effuso</span> <span class='ocrx_word' id='word_1_21' title='bbox 410 353 577 407; x_wconf 87' lang='lat' dir='ltr'>crudescunt</span> <span class='ocrx_word' id='word_1_22' title='bbox 595 353 726 421; x_wconf 77' lang='lat' dir='ltr'>sanguiue</span> <span class='ocrx_word' id='word_1_23' title='bbox 743 369 859 422; x_wconf 78' lang='lat' dir='ltr'>pugnae.</span> 
     </span>
    </p>

    <p class='ocr_par' dir='ltr' id='par_1_4' title="bbox 98 430 709 498">
     <span class='ocr_line' id='line_1_5' title="bbox 98 430 709 498; baseline -0.002 -14"><span class='ocrx_word' id='word_1_24' title='bbox 98 433 139 484; x_wconf 84' lang='lat' dir='ltr'>At</span> <span class='ocrx_word' id='word_1_25' title='bbox 156 430 244 484; x_wconf 82' lang='lat' dir='ltr'>levem</span> <span class='ocrx_word' id='word_1_26' title='bbox 263 430 379 498; x_wconf 89' lang='lat' dir='ltr'>elipeum</span> <span class='ocrx_word' id='word_1_27' title='bbox 398 430 513 484; x_wconf 86' lang='lat' dir='ltr'>sublatis</span> <span class='ocrx_word' id='word_1_28' title='bbox 532 430 658 484; x_wconf 86' lang='lat' dir='ltr'>cornibus</span> <span class='ocrx_word' id='word_1_29' title='bbox 676 430 709 483; x_wconf 94' lang='lat' dir='ltr'>lo</span> 
     </span>
    </p>

    <p class='ocr_par' dir='ltr' id='par_1_5' title="bbox 97 506 952 579">
     <span class='ocr_line' id='line_1_6' title="bbox 97 506 952 579; baseline 0.004 -18"><span class='ocrx_word' id='word_1_30' title='bbox 97 509 174 561; x_wconf 80' lang='lat' dir='ltr'>Auro</span> <span class='ocrx_word' id='word_1_31' title='bbox 192 506 346 579; x_wconf 79' lang='lat' dir='ltr'>insignibat,</span> <span class='ocrx_word' id='word_1_32' title='bbox 371 507 426 560; x_wconf 86' lang='lat' dir='ltr'>iam</span> <span class='ocrx_word' id='word_1_33' title='bbox 445 507 529 561; x_wconf 87' lang='lat' dir='ltr'>saetis</span> <span class='ocrx_word' id='word_1_34' title='bbox 548 508 644 574; x_wconf 87' lang='lat' dir='ltr'>obsita,</span> <span class='ocrx_word' id='word_1_35' title='bbox 661 507 716 560; x_wconf 87' lang='lat' dir='ltr'>iam</span> <span class='ocrx_word' id='word_1_36' title='bbox 734 506 790 572; x_wconf 84' lang='lat' dir='ltr'>hos,</span> <span class='ocrx_word' id='word_1_37' title='bbox 913 519 952 564; x_wconf 71' lang='lat' dir='ltr'>rso</span> 
     </span>
    </p>
   </div>
   <div class='ocr_carea' id='block_1_3' title="bbox 90 583 948 2630">
    <p class='ocr_par' dir='ltr' id='par_1_6' title="bbox 92 583 948 1489">
     <span class='ocr_line' id='line_1_7' title="bbox 97 583 828 652; baseline -0.001 -15"><span class='ocrx_word' id='word_1_38' title='bbox 97 586 300 651; x_wconf 83' lang='lat' dir='ltr'>Argumentum</span> <span class='ocrx_word' id='word_1_39' title='bbox 316 584 420 651; x_wconf 85' lang='lat' dir='ltr'>ingens,</span> <span class='ocrx_word' id='word_1_40' title='bbox 438 587 468 637; x_wconf 91' lang='lat' dir='ltr'>ct</span> <span class='ocrx_word' id='word_1_41' title='bbox 485 586 577 637; x_wconf 90' lang='lat' dir='ltr'>eustos</span> <span class='ocrx_word' id='word_1_42' title='bbox 595 583 708 650; x_wconf 83' lang='lat' dir='ltr'>virginis</span> <span class='ocrx_word' id='word_1_43' title='bbox 728 585 828 652; x_wconf 75' lang='lat' dir='ltr'>Argus,</span> 
     </span>
     <span class='ocr_line' id='line_1_8' title="bbox 96 659 847 729; baseline 0 -15"><span class='ocrx_word' id='word_1_44' title='bbox 96 661 263 729; x_wconf 88' lang='lat' dir='ltr'>Caelataque</span> <span class='ocrx_word' id='word_1_45' title='bbox 281 675 388 714; x_wconf 91' lang='lat' dir='ltr'>amnem</span> <span class='ocrx_word' id='word_1_46' title='bbox 406 659 523 713; x_wconf 78' lang='lat' dir='ltr'>fundens</span> <span class='ocrx_word' id='word_1_47' title='bbox 539 663 619 727; x_wconf 88' lang='lat' dir='ltr'>pater</span> <span class='ocrx_word' id='word_1_48' title='bbox 638 659 755 712; x_wconf 82' lang='lat' dir='ltr'>Inachus</span> <span class='ocrx_word' id='word_1_49' title='bbox 772 677 847 714; x_wconf 88' lang='lat' dir='ltr'>urna</span> 
     </span>
     <span class='ocr_line' id='line_1_9' title="bbox 96 735 804 805; baseline 0.003 -17"><span class='ocrx_word' id='word_1_50' title='bbox 96 736 255 805; x_wconf 77' lang='lat' dir='ltr'>Insequitur</span> <span class='ocrx_word' id='word_1_51' title='bbox 271 735 380 789; x_wconf 86' lang='lat' dir='ltr'>nimbus</span> <span class='ocrx_word' id='word_1_52' title='bbox 398 735 530 804; x_wconf 89' lang='lat' dir='ltr'>pediturn,</span> <span class='ocrx_word' id='word_1_53' title='bbox 548 736 719 804; x_wconf 76' lang='lat' dir='ltr'>clipeataque</span> <span class='ocrx_word' id='word_1_54' title='bbox 737 736 804 790; x_wconf 90' lang='lat' dir='ltr'>totis</span> 
     </span>
     <span class='ocr_line' id='line_1_10' title="bbox 96 811 794 880; baseline 0.003 -16"><span class='ocrx_word' id='word_1_55' title='bbox 96 814 215 879; x_wconf 78' lang='lat' dir='ltr'><strong>Agmina</strong></span> <span class='ocrx_word' id='word_1_56' title='bbox 233 811 383 865; x_wconf 79' lang='lat' dir='ltr'>densentur</span> <span class='ocrx_word' id='word_1_57' title='bbox 401 812 511 879; x_wconf 89' lang='lat' dir='ltr'>campis,</span> <span class='ocrx_word' id='word_1_58' title='bbox 530 812 689 880; x_wconf 83' lang='lat' dir='ltr'>Argivaque</span> <span class='ocrx_word' id='word_1_59' title='bbox 707 812 794 880; x_wconf 83' lang='lat' dir='ltr'>pubes</span> 
     </span>
     <span class='ocr_line' id='line_1_11' title="bbox 95 887 948 957; baseline 0.004 -17"><span class='ocrx_word' id='word_1_60' title='bbox 95 890 295 954; x_wconf 83' lang='lat' dir='ltr'>Auruncaeque</span> <span class='ocrx_word' id='word_1_61' title='bbox 314 904 418 954; x_wconf 89' lang='lat' dir='ltr'>manus,</span> <span class='ocrx_word' id='word_1_62' title='bbox 436 887 533 941; x_wconf 83' lang='lat' dir='ltr'>Rutuli</span> <span class='ocrx_word' id='word_1_63' title='bbox 550 892 713 957; x_wconf 87' lang='lat' dir='ltr'>veteresque</span> <span class='ocrx_word' id='word_1_64' title='bbox 732 888 821 942; x_wconf 84' lang='lat' dir='ltr'>Sicani</span> <span class='ocrx_word' id='word_1_65' title='bbox 910 903 948 943; x_wconf 75' lang='grc'>795</span> 
     </span>
     <span class='ocr_line' id='line_1_12' title="bbox 95 963 726 1032; baseline 0.003 -16"><span class='ocrx_word' id='word_1_66' title='bbox 95 964 130 1016; x_wconf 79' lang='lat' dir='ltr'>lit</span> <span class='ocrx_word' id='word_1_67' title='bbox 149 964 283 1017; x_wconf 83' lang='lat' dir='ltr'>Sacranae</span> <span class='ocrx_word' id='word_1_68' title='bbox 301 963 373 1017; x_wconf 88' lang='lat' dir='ltr'>acies</span> <span class='ocrx_word' id='word_1_69' title='bbox 392 968 421 1017; x_wconf 86' lang='lat' dir='ltr'>ct</span> <span class='ocrx_word' id='word_1_70' title='bbox 438 964 505 1032; x_wconf 87' lang='lat' dir='ltr'>picti</span> <span class='ocrx_word' id='word_1_71' title='bbox 523 967 601 1018; x_wconf 86' lang='lat' dir='ltr'>scuta</span> <span class='ocrx_word' id='word_1_72' title='bbox 618 964 726 1026; x_wconf 71' lang='lat' dir='ltr'>Labici:</span> 
     </span>
     <span class='ocr_line' id='line_1_13' title="bbox 94 1038 806 1108; baseline 0.003 -16"><span class='ocrx_word' id='word_1_73' title='bbox 94 1040 146 1104; x_wconf 83' lang='lat' dir='ltr'>Qui</span> <span class='ocrx_word' id='word_1_74' title='bbox 164 1039 256 1106; x_wconf 87' lang='lat' dir='ltr'>saltus,</span> <span class='ocrx_word' id='word_1_75' title='bbox 276 1038 410 1107; x_wconf 81' lang='lat' dir='ltr'>Tiberine,</span> <span class='ocrx_word' id='word_1_76' title='bbox 430 1045 499 1107; x_wconf 85' lang='lat' dir='ltr'>tues,</span> <span class='ocrx_word' id='word_1_77' title='bbox 518 1056 680 1108; x_wconf 87' lang='lat' dir='ltr'>sacrumque</span> <span class='ocrx_word' id='word_1_78' title='bbox 698 1040 806 1094; x_wconf 88' lang='lat' dir='ltr'>Numici</span> 
     </span>
     <span class='ocr_line' id='line_1_14' title="bbox 93 1109 840 1184; baseline 0.001 -17"><span class='ocrx_word' id='word_1_79' title='bbox 93 1115 171 1169; x_wconf 87' lang='lat' dir='ltr'>Litus</span> <span class='ocrx_word' id='word_1_80' title='bbox 188 1109 275 1182; x_wconf 82' lang='lat' dir='ltr'>arant,</span> <span class='ocrx_word' id='word_1_81' title='bbox 295 1115 467 1184; x_wconf 83' lang='lat' dir='ltr'>Rutulosque</span> <span class='ocrx_word' id='word_1_82' title='bbox 485 1118 613 1169; x_wconf 81' lang='lat' dir='ltr'>exercent</span> <span class='ocrx_word' id='word_1_83' title='bbox 631 1132 741 1170; x_wconf 84' lang='lat' dir='ltr'>vomere</span> <span class='ocrx_word' id='word_1_84' title='bbox 759 1116 840 1180; x_wconf 87' lang='lat' dir='ltr'>collis,</span> 
     </span>
     <span class='ocr_line' id='line_1_15' title="bbox 92 1192 875 1261; baseline 0.003 -17"><span class='ocrx_word' id='word_1_85' title='bbox 92 1193 288 1260; x_wconf 83' lang='lat' dir='ltr'>Circaeumque</span> <span class='ocrx_word' id='word_1_86' title='bbox 306 1192 407 1259; x_wconf 82' lang='lat' dir='ltr'>iugum,</span> <span class='ocrx_word' id='word_1_87' title='bbox 428 1192 489 1261; x_wconf 87' lang='lat' dir='ltr'>quis</span> <span class='ocrx_word' id='word_1_88' title='bbox 509 1192 635 1260; x_wconf 85' lang='lat' dir='ltr'>luppiter</span> <span class='ocrx_word' id='word_1_89' title='bbox 653 1192 784 1246; x_wconf 84' lang='lat' dir='ltr'>Anxurus</span> <span class='ocrx_word' id='word_1_90' title='bbox 802 1193 875 1246; x_wconf 87' lang='lat' dir='ltr'>arvis</span> 
     </span>
     <span class='ocr_line' id='line_1_16' title="bbox 93 1267 946 1336; baseline 0.004 -17"><span class='ocrx_word' id='word_1_91' title='bbox 93 1268 243 1336; x_wconf 86' lang='lat' dir='ltr'>l‘raesidet,</span> <span class='ocrx_word' id='word_1_92' title='bbox 261 1273 290 1321; x_wconf 90' lang='lat' dir='ltr'>et</span> <span class='ocrx_word' id='word_1_93' title='bbox 308 1268 387 1321; x_wconf 87' lang='lat' dir='ltr'>viridi</span> <span class='ocrx_word' id='word_1_94' title='bbox 406 1267 529 1336; x_wconf 83' lang='lat' dir='ltr'>gaudens</span> <span class='ocrx_word' id='word_1_95' title='bbox 548 1268 665 1321; x_wconf 80' lang='lat' dir='ltr'>Feronia</span> <span class='ocrx_word' id='word_1_96' title='bbox 682 1268 758 1333; x_wconf 90' lang='lat' dir='ltr'>luee;</span> <span class='ocrx_word' id='word_1_97' title='bbox 907 1284 946 1322; x_wconf 83' lang='lat' dir='ltr'>eoo</span> 
     </span>
     <span class='ocr_line' id='line_1_17' title="bbox 92 1341 892 1413; baseline -0.001 -16"><span class='ocrx_word' id='word_1_98' title='bbox 92 1345 152 1408; x_wconf 81' lang='lat' dir='ltr'>Qua</span> <span class='ocrx_word' id='word_1_99' title='bbox 170 1345 286 1399; x_wconf 86' lang='lat' dir='ltr'>Saturae</span> <span class='ocrx_word' id='word_1_100' title='bbox 303 1345 375 1398; x_wconf 85' lang='lat' dir='ltr'>iacet</span> <span class='ocrx_word' id='word_1_101' title='bbox 393 1350 454 1397; x_wconf 87' lang='lat' dir='ltr'>atra</span> <span class='ocrx_word' id='word_1_102' title='bbox 471 1341 565 1412; x_wconf 75' lang='lat' dir='ltr'>palus‚&#39;</span> <span class='ocrx_word' id='word_1_103' title='bbox 576 1343 739 1412; x_wconf 80' lang='lat' dir='ltr'>gelidusque</span> <span class='ocrx_word' id='word_1_104' title='bbox 757 1361 806 1413; x_wconf 91' lang='lat' dir='ltr'>per</span> <span class='ocrx_word' id='word_1_105' title='bbox 823 1344 892 1397; x_wconf 89' lang='lat' dir='ltr'>imas</span> 
     </span>
     <span class='ocr_line' id='line_1_18' title="bbox 92 1420 868 1489; baseline -0.001 -15"><span class='ocrx_word' id='word_1_106' title='bbox 92 1421 205 1485; x_wconf 84' lang='lat' dir='ltr'>Quaerit</span> <span class='ocrx_word' id='word_1_107' title='bbox 222 1421 277 1474; x_wconf 86' lang='lat' dir='ltr'>iter</span> <span class='ocrx_word' id='word_1_108' title='bbox 293 1420 370 1473; x_wconf 86' lang='lat' dir='ltr'>vallis</span> <span class='ocrx_word' id='word_1_109' title='bbox 388 1424 472 1489; x_wconf 90' lang='lat' dir='ltr'>atque</span> <span class='ocrx_word' id='word_1_110' title='bbox 489 1420 518 1473; x_wconf 92' lang='lat' dir='ltr'>in</span> <span class='ocrx_word' id='word_1_111' title='bbox 535 1437 611 1474; x_wconf 88' lang='lat' dir='ltr'>mare</span> <span class='ocrx_word' id='word_1_112' title='bbox 629 1420 756 1474; x_wconf 86' lang='lat' dir='ltr'>conditur</span> <span class='ocrx_word' id='word_1_113' title='bbox 774 1420 868 1474; x_wconf 85' lang='lat' dir='ltr'>Ufens</span> 
     </span>
    </p>

    <p class='ocr_par' dir='ltr' id='par_1_7' title="bbox 90 1495 944 2630">
     <span class='ocr_line' id='line_1_19' title="bbox 126 1495 829 1565; baseline -0.003 -15"><span class='ocrx_word' id='word_1_114' title='bbox 126 1498 186 1550; x_wconf 83' lang='lat' dir='ltr'>llos</span> <span class='ocrx_word' id='word_1_115' title='bbox 204 1514 286 1565; x_wconf 87' lang='lat' dir='ltr'>super</span> <span class='ocrx_word' id='word_1_116' title='bbox 304 1495 416 1550; x_wconf 86' lang='lat' dir='ltr'>advenit</span> <span class='ocrx_word' id='word_1_117' title='bbox 435 1496 534 1550; x_wconf 83' lang='lat' dir='ltr'>Volsca</span> <span class='ocrx_word' id='word_1_118' title='bbox 553 1495 689 1563; x_wconf 85' lang='lat' dir='ltr'>degente</span> <span class='ocrx_word' id='word_1_119' title='bbox 709 1496 829 1564; x_wconf 68' lang='lat' dir='ltr'>Camilla,</span> 
     </span>
     <span class='ocr_line' id='line_1_20' title="bbox 92 1571 860 1642; baseline 0 -16"><span class='ocrx_word' id='word_1_120' title='bbox 92 1575 200 1642; x_wconf 75' lang='lat' dir='ltr'>Agmen</span> <span class='ocrx_word' id='word_1_121' title='bbox 219 1589 302 1640; x_wconf 89' lang='lat' dir='ltr'>agens</span> <span class='ocrx_word' id='word_1_122' title='bbox 320 1572 445 1640; x_wconf 90' lang='lat' dir='ltr'>equitum</span> <span class='ocrx_word' id='word_1_123' title='bbox 463 1576 492 1625; x_wconf 92' lang='lat' dir='ltr'>et</span> <span class='ocrx_word' id='word_1_124' title='bbox 508 1571 631 1626; x_wconf 86' lang='lat' dir='ltr'>florentis</span> <span class='ocrx_word' id='word_1_125' title='bbox 650 1588 714 1626; x_wconf 87' lang='lat' dir='ltr'>aere</span> <span class='ocrx_word' id='word_1_126' title='bbox 731 1576 860 1637; x_wconf 65' lang='lat' dir='ltr'>arenas</span> 
     </span>
     <span class='ocr_line' id='line_1_21' title="bbox 91 1647 944 1716; baseline 0.001 -15"><span class='ocrx_word' id='word_1_127' title='bbox 91 1649 233 1716; x_wconf 82' lang='lat' dir='ltr'>Bellatrix,</span> <span class='ocrx_word' id='word_1_128' title='bbox 251 1665 305 1701; x_wconf 92' lang='lat' dir='ltr'>non</span> <span class='ocrx_word' id='word_1_129' title='bbox 323 1649 370 1701; x_wconf 90' lang='lat' dir='ltr'>illa</span> <span class='ocrx_word' id='word_1_130' title='bbox 388 1648 447 1701; x_wconf 90' lang='lat' dir='ltr'>colo</span> <span class='ocrx_word' id='word_1_131' title='bbox 465 1647 613 1701; x_wconf 86' lang='lat' dir='ltr'>calathisve</span> <span class='ocrx_word' id='word_1_132' title='bbox 632 1648 774 1702; x_wconf 90' lang='lat' dir='ltr'>Minervae</span> <span class='ocrx_word' id='word_1_133' title='bbox 905 1664 944 1702; x_wconf 82' lang='lat' dir='ltr'>ree</span> 
     </span>
     <span class='ocr_line' id='line_1_22' title="bbox 91 1724 768 1793; baseline 0 -15"><span class='ocrx_word' id='word_1_134' title='bbox 91 1725 234 1779; x_wconf 85' lang='lat' dir='ltr'>Femineas</span> <span class='ocrx_word' id='word_1_135' title='bbox 251 1724 366 1778; x_wconf 88' lang='lat' dir='ltr'>adsueta</span> <span class='ocrx_word' id='word_1_136' title='bbox 383 1740 486 1790; x_wconf 91' lang='lat' dir='ltr'>manus,</span> <span class='ocrx_word' id='word_1_137' title='bbox 505 1724 554 1778; x_wconf 85' lang='lat' dir='ltr'>scd</span> <span class='ocrx_word' id='word_1_138' title='bbox 571 1724 675 1793; x_wconf 88' lang='lat' dir='ltr'>proelia</span> <span class='ocrx_word' id='word_1_139' title='bbox 692 1724 768 1792; x_wconf 80' lang='lat' dir='ltr'>virgo</span> 
     </span>
     <span class='ocr_line' id='line_1_23' title="bbox 92 1800 828 1870; baseline 0.001 -17"><span class='ocrx_word' id='word_1_140' title='bbox 92 1802 166 1855; x_wconf 78' lang='lat' dir='ltr'>llura</span> <span class='ocrx_word' id='word_1_141' title='bbox 182 1801 241 1870; x_wconf 89' lang='lat' dir='ltr'>pati</span> <span class='ocrx_word' id='word_1_142' title='bbox 259 1817 395 1867; x_wconf 83' lang='lat' dir='ltr'>cursuque</span> <span class='ocrx_word' id='word_1_143' title='bbox 413 1800 515 1868; x_wconf 88' lang='lat' dir='ltr'>pedum</span> <span class='ocrx_word' id='word_1_144' title='bbox 532 1804 708 1868; x_wconf 85' lang='lat' dir='ltr'>praevertere</span> <span class='ocrx_word' id='word_1_145' title='bbox 726 1804 828 1854; x_wconf 79' lang='lat' dir='ltr'>ventos.</span> 
     </span>
     <span class='ocr_line' id='line_1_24' title="bbox 91 1869 773 1943; baseline 0.001 -14"><span class='ocrx_word' id='word_1_146' title='bbox 91 1877 143 1931; x_wconf 91' lang='lat' dir='ltr'>llla</span> <span class='ocrx_word' id='word_1_147' title='bbox 161 1877 203 1930; x_wconf 81' lang='lat' dir='ltr'>uel</span> <span class='ocrx_word' id='word_1_148' title='bbox 221 1877 341 1929; x_wconf 85' lang='lat' dir='ltr'>intactae</span> <span class='ocrx_word' id='word_1_149' title='bbox 361 1876 462 1943; x_wconf 82' lang='lat' dir='ltr'>segetis</span> <span class='ocrx_word' id='word_1_150' title='bbox 479 1892 529 1942; x_wconf 91' lang='lat' dir='ltr'>per</span> <span class='ocrx_word' id='word_1_151' title='bbox 546 1892 651 1929; x_wconf 89' lang='lat' dir='ltr'>summa</span> <span class='ocrx_word' id='word_1_152' title='bbox 668 1869 773 1930; x_wconf 79' lang='lat' dir='ltr'>velaret</span> 
     </span>
     <span class='ocr_line' id='line_1_25' title="bbox 90 1951 829 2021; baseline 0.001 -16"><span class='ocrx_word' id='word_1_153' title='bbox 90 1953 226 2019; x_wconf 84' lang='lat' dir='ltr'>Gramina,</span> <span class='ocrx_word' id='word_1_154' title='bbox 246 1969 296 2004; x_wconf 90' lang='lat' dir='ltr'>nee</span> <span class='ocrx_word' id='word_1_155' title='bbox 312 1957 421 2005; x_wconf 87' lang='lat' dir='ltr'>teneras</span> <span class='ocrx_word' id='word_1_156' title='bbox 439 1968 520 2005; x_wconf 91' lang='lat' dir='ltr'>cursu</span> <span class='ocrx_word' id='word_1_157' title='bbox 537 1951 662 2005; x_wconf 87' lang='lat' dir='ltr'>laesisset</span> <span class='ocrx_word' id='word_1_158' title='bbox 678 1953 790 2017; x_wconf 86' lang='lat' dir='ltr'>aristas;</span> <span class='ocrx_word' id='word_1_159' title='bbox 824 2016 829 2021; x_wconf 40' lang='grc'>,</span> 
     </span>
     <span class='ocr_line' id='line_1_26' title="bbox 91 2027 943 2096; baseline 0.007 -17"><span class='ocrx_word' id='word_1_160' title='bbox 91 2028 143 2081; x_wconf 88' lang='lat' dir='ltr'>Vol</span> <span class='ocrx_word' id='word_1_161' title='bbox 161 2045 236 2081; x_wconf 86' lang='lat' dir='ltr'>mare</span> <span class='ocrx_word' id='word_1_162' title='bbox 254 2045 304 2096; x_wconf 89' lang='lat' dir='ltr'>per</span> <span class='ocrx_word' id='word_1_163' title='bbox 320 2028 441 2082; x_wconf 90' lang='lat' dir='ltr'>medium</span> <span class='ocrx_word' id='word_1_164' title='bbox 458 2027 544 2081; x_wconf 86' lang='lat' dir='ltr'>fluctu</span> <span class='ocrx_word' id='word_1_165' title='bbox 561 2044 691 2096; x_wconf 90' lang='lat' dir='ltr'>suspensa</span> <span class='ocrx_word' id='word_1_166' title='bbox 707 2027 823 2083; x_wconf 84' lang='lat' dir='ltr'>tumenti</span> <span class='ocrx_word' id='word_1_167' title='bbox 905 2048 943 2085; x_wconf 84' lang='lat' dir='ltr'>sn</span> 
     </span>
     <span class='ocr_line' id='line_1_27' title="bbox 91 2104 877 2180; baseline 0.006 -25"><span class='ocrx_word' id='word_1_168' title='bbox 91 2104 189 2180; x_wconf 81' lang='lat' dir='ltr'>Ferret</span> <span class='ocrx_word' id='word_1_169' title='bbox 206 2105 267 2170; x_wconf 89' lang='lat' dir='ltr'>iter,</span> <span class='ocrx_word' id='word_1_170' title='bbox 287 2104 383 2158; x_wconf 86' lang='lat' dir='ltr'>celeris</span> <span class='ocrx_word' id='word_1_171' title='bbox 401 2120 451 2158; x_wconf 87' lang='lat' dir='ltr'>nec</span> <span class='ocrx_word' id='word_1_172' title='bbox 469 2104 609 2171; x_wconf 83' lang='lat' dir='ltr'>tingueret</span> <span class='ocrx_word' id='word_1_173' title='bbox 626 2121 745 2172; x_wconf 88' lang='lat' dir='ltr'>aequore</span> <span class='ocrx_word' id='word_1_174' title='bbox 762 2106 877 2174; x_wconf 83' lang='lat' dir='ltr'>plautas.</span> 
     </span>
     <span class='ocr_line' id='line_1_28' title="bbox 93 2179 766 2249; baseline 0.003 -17"><span class='ocrx_word' id='word_1_175' title='bbox 93 2181 171 2233; x_wconf 90' lang='lat' dir='ltr'>lllam</span> <span class='ocrx_word' id='word_1_176' title='bbox 189 2180 275 2233; x_wconf 85' lang='lat' dir='ltr'>omnis</span> <span class='ocrx_word' id='word_1_177' title='bbox 293 2181 375 2234; x_wconf 88' lang='lat' dir='ltr'>tectis</span> <span class='ocrx_word' id='word_1_178' title='bbox 393 2181 521 2249; x_wconf 80' lang='lat' dir='ltr'>agrisque</span> <span class='ocrx_word' id='word_1_179' title='bbox 539 2179 624 2234; x_wconf 86' lang='lat' dir='ltr'>effusa</span> <span class='ocrx_word' id='word_1_180' title='bbox 640 2181 766 2234; x_wconf 82' lang='lat' dir='ltr'>iuventus</span> 
     </span>
     <span class='ocr_line' id='line_1_29' title="bbox 90 2256 862 2324; baseline 0.005 -16"><span class='ocrx_word' id='word_1_181' title='bbox 90 2256 236 2324; x_wconf 87' lang='lat' dir='ltr'>Turbaque</span> <span class='ocrx_word' id='word_1_182' title='bbox 252 2257 369 2310; x_wconf 89' lang='lat' dir='ltr'>miratur</span> <span class='ocrx_word' id='word_1_183' title='bbox 386 2260 505 2310; x_wconf 78' lang='lat' dir='ltr'>matrrun</span> <span class='ocrx_word' id='word_1_184' title='bbox 524 2259 553 2310; x_wconf 90' lang='lat' dir='ltr'>et</span> <span class='ocrx_word' id='word_1_185' title='bbox 568 2260 727 2324; x_wconf 90' lang='lat' dir='ltr'>prospectat</span> <span class='ocrx_word' id='word_1_186' title='bbox 744 2262 862 2320; x_wconf 87' lang='lat' dir='ltr'>euntem,</span> 
     </span>
     <span class='ocr_line' id='line_1_30' title="bbox 92 2331 724 2400; baseline -0.002 -14"><span class='ocrx_word' id='word_1_187' title='bbox 92 2331 228 2386; x_wconf 80' lang='lat' dir='ltr'>Attonitis</span> <span class='ocrx_word' id='word_1_188' title='bbox 245 2331 352 2384; x_wconf 88' lang='lat' dir='ltr'>inhians</span> <span class='ocrx_word' id='word_1_189' title='bbox 370 2332 473 2396; x_wconf 88' lang='lat' dir='ltr'>animis,</span> <span class='ocrx_word' id='word_1_190' title='bbox 491 2335 523 2386; x_wconf 89' lang='lat' dir='ltr'>ut</span> <span class='ocrx_word' id='word_1_191' title='bbox 540 2333 632 2400; x_wconf 83' lang='lat' dir='ltr'>regius</span> <span class='ocrx_word' id='word_1_192' title='bbox 650 2336 724 2386; x_wconf 86' lang='lat' dir='ltr'>estro</span> 
     </span>
     <span class='ocr_line' id='line_1_31' title="bbox 91 2407 942 2476; baseline 0.008 -15"><span class='ocrx_word' id='word_1_193' title='bbox 91 2408 175 2462; x_wconf 89' lang='lat' dir='ltr'>Velet</span> <span class='ocrx_word' id='word_1_194' title='bbox 191 2407 277 2460; x_wconf 89' lang='lat' dir='ltr'>honos</span> <span class='ocrx_word' id='word_1_195' title='bbox 294 2407 360 2460; x_wconf 86' lang='lat' dir='ltr'>levis</span> <span class='ocrx_word' id='word_1_196' title='bbox 378 2407 513 2476; x_wconf 86' lang='lat' dir='ltr'>humeros,</span> <span class='ocrx_word' id='word_1_197' title='bbox 531 2412 563 2462; x_wconf 95' lang='lat' dir='ltr'>ut</span> <span class='ocrx_word' id='word_1_198' title='bbox 581 2409 665 2462; x_wconf 88' lang='lat' dir='ltr'>fibula</span> <span class='ocrx_word' id='word_1_199' title='bbox 682 2410 784 2463; x_wconf 87' lang='lat' dir='ltr'>crinem</span> <span class='ocrx_word' id='word_1_200' title='bbox 903 2428 942 2468; x_wconf 82' lang='lat' dir='ltr'>srs</span> 
     </span>
     <span class='ocr_line' id='line_1_32' title="bbox 92 2483 885 2553; baseline 0.003 -15"><span class='ocrx_word' id='word_1_201' title='bbox 92 2487 170 2538; x_wconf 87' lang='lat' dir='ltr'>Aure</span> <span class='ocrx_word' id='word_1_202' title='bbox 187 2485 360 2550; x_wconf 89' lang='lat' dir='ltr'>internectat,</span> <span class='ocrx_word' id='word_1_203' title='bbox 379 2483 488 2550; x_wconf 81' lang='lat' dir='ltr'>Lyciam</span> <span class='ocrx_word' id='word_1_204' title='bbox 505 2487 538 2537; x_wconf 90' lang='lat' dir='ltr'>ut</span> <span class='ocrx_word' id='word_1_205' title='bbox 554 2488 634 2551; x_wconf 86' lang='lat' dir='ltr'>gerat</span> <span class='ocrx_word' id='word_1_206' title='bbox 651 2485 710 2553; x_wconf 85' lang='lat' dir='ltr'>ipsa</span> <span class='ocrx_word' id='word_1_207' title='bbox 726 2485 885 2553; x_wconf 87' lang='lat' dir='ltr'>pharetram</span> 
     </span>
     <span class='ocr_line' id='line_1_33' title="bbox 91 2560 722 2630; baseline 0 -16"><span class='ocrx_word' id='word_1_208' title='bbox 91 2560 128 2615; x_wconf 85' lang='lat' dir='ltr'>Et</span> <span class='ocrx_word' id='word_1_209' title='bbox 145 2560 309 2630; x_wconf 89' lang='lat' dir='ltr'>pastoralem</span> <span class='ocrx_word' id='word_1_210' title='bbox 326 2560 449 2629; x_wconf 84' lang='lat' dir='ltr'>praefixa</span> <span class='ocrx_word' id='word_1_211' title='bbox 465 2560 578 2630; x_wconf 83' lang='lat' dir='ltr'>cuspide</span> <span class='ocrx_word' id='word_1_212' title='bbox 595 2564 722 2630; x_wconf 82' lang='lat' dir='ltr'>myrtum.</span> 
     </span>
    </p>
   </div>
   <div class='ocr_carea' id='block_1_4' title="bbox 0 0 1092 3502">
    <p class='ocr_par' dir='ltr' id='par_1_8' title="bbox 0 0 1092 3502">
     <span class='ocr_line' id='line_1_34' title="bbox 0 0 1092 3502; baseline 0 3"><span class='ocrx_word' id='word_1_213' title='bbox 0 0 1092 3502; x_wconf 95' lang='lat' dir='ltr'> </span> 
     </span>
    </p>
   </div>
  </div>
 </body>
</html>
