2152 3506
401 162 586 212 AENEIDOS
606 163 675 212 LIB.
698 162 736 212 IL
951 161 996 208 liti

137 242 235 308 Arma,
255 241 313 310 riri,
330 242 404 296 ferte
422 258 512 308 arma;
530 245 610 297 vocat
627 242 674 296 lux
692 241 791 297 ultima
807 242 900 298 victos

138 318 263 372 Reddite
281 335 325 371 nre
344 318 460 382 Danais,
480 319 560 372 sinite
575 319 729 374 instaurata
746 319 863 373 revisam

138 395 257 448 Proelia.
292 393 448 463 Numquam
466 411 560 448 omnes
578 395 658 448 hodio
676 396 824 450 moriemur
840 395 928 450 inulti.
962 408 999 448 rto

178 471 250 524 lline
267 470 342 524 ferre
361 471 489 537 accingor
506 487 599 524 rursus
617 471 759 540 clipeoque
778 472 914 526 sinistram

140 546 316 601 Insertabarn
335 549 432 616 aptans
451 562 548 614 meque
567 551 646 601 extra
664 553 738 602 tecta
755 545 883 600 ferebam.

140 623 213 676 Eece
230 627 323 676 autern
343 623 476 690 conplexa
494 622 579 692 pedes
597 623 624 675 in
643 624 734 677 liuline
752 625 868 678 coniunx

142 698 293 766 Haerebat,
311 714 480 768 parvumque
499 699 571 764 patri
589 698 722 753 tendebat
741 699 845 752 lulum:

141 777 170 831 Si
189 775 329 843 periturns
346 774 414 841 abis,
433 777 462 828 et
479 791 528 828 nos
546 791 612 844 rapo
631 775 657 826 in
677 775 768 828 omnia
785 781 890 836 teeunr;
963 789 999 830 ota

142 854 190 906 Sin
208 852 327 920 aliquam
347 855 477 919 expertus
496 852 611 920 sumptis
628 867 705 920 spem
723 852 800 920 ponis
817 852 846 904 in
863 851 973 917 arinis,-

146 929 224 982 llane
242 929 361 997 primunr
380 930 471 982 tutare
490 927 608 981 domurn.
646 927 696 981 Cui
713 944 813 996 parvus
834 927 917 992 iulus,

144 1006 195 1060 Cui
213 1010 294 1074 pater
312 1007 341 1058 et
360 1004 475 1057 coniunx
494 1003 633 1071 qnondam
651 1007 700 1058 tua
717 1003 792 1058 dieta
809 1003 965 1072 relinquorl

178 1083 254 1135 'l'alia
273 1081 424 1135 vociferans
442 1080 547 1147 gemitu
566 1084 670 1134 tectum
690 1097 770 1134 omno
788 1079 920 1149 replebat,

144 1160 214 1213 Cum
232 1156 353 1211 subitum
371 1156 503 1223 dictuque
521 1156 608 1209 oritur
626 1157 748 1210 mirabile
767 1161 926 1210 monstrum.
963 1171 1000 1208 asa

143 1235 270 1303 Namque
288 1250 384 1286 manus
401 1232 475 1286 inter
493 1237 714 1300 maestorumque
732 1250 780 1286 ori
799 1236 942 1300 pauentum

146 1312 215 1365 Ecce
232 1310 301 1364 levis
320 1326 424 1362 summo
443 1307 479 1361 de
497 1309 599 1362 vertice
619 1310 690 1362 risus
714 1309 763 1362 ioli

145 1388 273 1441 Fundere
291 1387 383 1440 lumen
400 1401 478 1453 apex,
497 1389 629 1453 tactuque
646 1386 756 1439 innoxia
775 1385 863 1438 mollis

146 1463 280 1517 Lambere
298 1462 407 1516 flamma
425 1477 515 1515 eomas
533 1464 563 1515 et
580 1461 682 1516 circum
700 1465 824 1530 temporo
842 1461 922 1529 pasci.

146 1540 204 1594 Nos
220 1539 313 1609 pavidi
331 1537 471 1607 trepidare
490 1539 574 1606 metu,
584 1538 740 1608 crinemque
758 1538 919 1605 flagrantem
964 1551 1001 1592 rsa

146 1617 284 1670 Excutere
302 1619 331 1669 et
349 1617 458 1668 sanctos
476 1613 646 1681 restinguere
663 1615 784 1668 fontibus
802 1613 880 1682 ignis.

56 1737 60 1747 .
147 1693 188 1746 At
205 1697 285 1761 pater
304 1690 439 1744 Anchises
458 1689 549 1742 oeulos
567 1689 603 1742 ad
621 1690 713 1744 sidera
730 1691 817 1746 laetus

147 1767 262 1832 Extulit,
280 1770 309 1821 et
327 1766 401 1820 eaelo
420 1765 525 1833 palmas
542 1781 604 1818 eum
621 1783 687 1820 voce
705 1767 840 1820 tetendit:

148 1844 274 1914 luppiter
291 1843 470 1916 omnipotens,
489 1840 615 1910 precibus
634 1844 656 1896 si
675 1843 793 1896 flecteris
811 1843 881 1910 ullis,

148 1921 249 1988 Aspice
267 1937 330 1984 nos;
350 1920 401 1974 hoc
420 1925 542 1984 tantum3
560 1923 597 1986 et,
615 1919 637 1972 si
655 1920 759 1987 pietate
778 1935 921 1983 meremur,
967 1931 1003 1972 rae

147 1995 190 2049 Da
208 1995 308 2050 deinde
326 1997 463 2061 auxilium,
482 2000 568 2064 pater,
587 1999 671 2064 atque
690 1994 756 2048 baec
774 1995 863 2048 omina
880 1993 966 2048 firma

148 2073 202 2126 Vix
220 2074 344 2128 ecfatus
362 2078 423 2128 erat
441 2075 538 2137 senior,
558 2072 703 2139 subitoque
722 2071 829 2138 fragore

149 2151 274 2204 intonuit
291 2150 406 2218 laevunr,
425 2159 454 2205 et
472 2152 507 2204 de
525 2150 600 2204 eaelo
618 2149 695 2216 lapsa
712 2164 762 2215 per
779 2145 891 2201 umbras

148 2226 234 2280 Stella
251 2227 338 2281 facem
357 2228 459 2282 ducens
477 2227 563 2282 inulta
580 2243 640 2280 erno
660 2225 719 2278 lnce
737 2223 863 2276 cucurrit.

149 2302 238 2369 Illam,
257 2320 362 2358 summa
381 2321 463 2374 super
481 2303 618 2357 labentem
638 2301 754 2354 eulmina
772 2300 846 2367 tecti,
967 2312 1004 2350 aia

149 2379 294 2434 Cernimus
312 2379 399 2436 Idaea
417 2381 517 2435 claram
538 2397 567 2434 se
585 2377 702 2432 oondcre
721 2377 788 2432 silva

149 2455 363 2524 signantemque
381 2458 454 2521 vias;
474 2461 534 2511 turn
552 2456 634 2522 longo
652 2454 740 2507 limite
759 2455 849 2507 sulcus

150 2531 205 2585 Det
223 2532 319 2600 lucem,
338 2537 367 2587 et
385 2533 441 2588 late
459 2532 560 2586 circum
579 2531 637 2586 loca
656 2529 757 2583 sulfure
775 2531 889 2584 fumant.

150 2607 204 2661 Hic
222 2625 286 2662 vero
305 2610 392 2663 victus
410 2611 518 2678 genitor
536 2625 566 2662 so
583 2608 655 2661 tollit
674 2606 709 2660 ad
727 2623 815 2672 auras,

150 2683 326 2754 Adfsrturque
345 2685 410 2740 deos
428 2692 457 2740 et
475 2689 598 2739 sanctum
616 2683 692 2736 sidus
710 2681 815 2736 odorat.
970 2693 1005 2733 ⁷⁰⁰

151 2759 210 2812 lam
223 2761 276 2813 ianr
290 2762 363 2818 nulla
375 2780 450 2816 mora
459 2767 516 2824 est;
535 2777 642 2829 sequor,
652 2763 688 2824 et,
699 2775 753 2826 qua
762 2759 868 2824 ducitis,
877 2755 981 2810 adsum.

178 2836 187 2888 i
205 2837 295 2904 patrii,
314 2843 422 2892 servate
440 2839 558 2902 domum,
578 2839 685 2889 servate
702 2839 838 2902 nepotem.

151 2911 283 2967 Vestrum
294 2915 345 2970 hoc
357 2916 508 2982 augurium,
521 2917 666 2980 vestroque
678 2913 705 2965 in
718 2911 828 2966 numine
841 2908 920 2961 Troia
932 2911 982 2961 est.

152 2987 227 3042 Cedo
246 2990 381 3059 equidem,
400 3007 457 3057 nee,
476 2993 547 3056 nate,
566 2987 617 3042 tibi
635 3005 724 3043 comcs
741 2988 782 3040 ire
800 2999 902 3038 recuso.

187 3064 304 3120 Dixerat
320 3067 381 3132 ille;
400 3071 429 3122 et
445 3068 500 3122 iarn
517 3082 567 3135 per
584 3065 690 3118 moenia
708 3062 804 3116 clarior
822 3059 892 3127 ignis
971 3070 1008 3111 toa

154 3141 284 3209 Auditur,
301 3143 469 3212 propiusque
487 3147 579 3196 aestus
596 3139 721 3194 incendia
739 3137 858 3189 volvunt.

153 3217 227 3286 Ergo
245 3235 304 3287 age,
321 3236 384 3274 care
402 3222 487 3287 pater,
505 3217 602 3272 nervici
620 3217 751 3282 inponere
768 3213 878 3264 nostrae
887 3229 895 3273 ς
