2152 3506
80 136 126 182 114
316 133 347 182 P.
366 130 522 179 VERGILI
540 129 709 180 MARONIS

80 214 207 270 Telorum
226 217 333 270 interea
351 216 440 268 cessat
457 228 551 280 genus

115 291 288 345 Vestibulum
307 295 372 344 ante
390 290 479 357 ipsum
497 287 641 356 primoque
658 290 687 343 in
704 289 798 342 limine
819 287 948 357 Pyrrhus

80 366 177 420 Exsult
166 371 215 434 tat
234 369 345 422 teliset
334 367 423 420 tluce
441 379 572 418 coruscus
585 380 669 430 aena;
908 379 950 417 sav

54 437 74 500 ι
81 442 174 506 Qiialis
192 410 265 497 ubi
258 462 286 498 m
305 445 393 497 lucem
411 439 522 494 coluber
541 439 613 494 mala
630 441 755 507 gramina
772 457 823 509 pas
825 445 878 505 tus,

50 519 146 571 Prir
128 519 194 586 ida
212 521 293 575 subt
281 526 356 575 terra
374 516 511 571 tumidum
530 533 612 584 quem
631 516 729 570 bruma
747 517 869 584 tegebat,

80 595 104 647 N
109 613 166 658 unc
185 598 258 666 posit
258 598 282 651 is
299 612 385 650 novus
405 593 510 647 exuviis
528 591 687 661 nitidusque
706 593 825 659 iuventa,

80 671 199 726 Lubrica
215 673 351 727 convolvit
369 670 477 724 sublato
449 671 607 736 tpectore
626 672 705 737 terga

80 749 193 802 Arduus
211 750 247 803 ad
265 749 358 816 solem,
376 750 406 801 et
423 746 523 813 linguis
542 745 625 798 micat
643 761 691 798 ore
709 745 836 800 trisulcis.
850 747 880 818 J<
907 763 947 800 ar»

80 825 142 878 Una
160 827 256 894 ingens
278 824 410 894 Periphas
429 827 459 876 et
477 839 610 891 equorum
629 823 749 890 agitator
768 821 892 887 Achillis,

81 903 210 969 Armiger
229 901 413 966 Automedon,
433 915 487 953 una
505 899 592 952 omnis
611 900 704 969 Scyria
722 898 809 967 pubes

80 978 235 1031 Succedunt
253 981 334 1044 tecte,
354 981 383 1030 et
401 976 524 1030 flammas
543 975 579 1028 ad
598 977 716 1030 culmina
734 977 844 1029 iactant.

82 1054 145 1121 lpse
162 1054 236 1107 inter
253 1054 355 1122 primos
375 1056 501 1121 correpta
519 1052 590 1105 dura
607 1052 719 1122 bipenni

81 1130 187 1184 Limina
204 1130 366 1200 perrumpit,
386 1129 529 1198 postisque
547 1146 564 1182 a
581 1131 692 1183 cardine
711 1128 787 1182 vellit
902 1145 945 1182 aaa

80 1207 214 1272 Aeratos3
232 1206 342 1274 iamque
361 1204 452 1258 excisa
470 1204 550 1258 trabe
568 1206 646 1260 firma
664 1206 769 1259 cavavit

81 1282 198 1349 Robora,
217 1286 246 1336 et
263 1282 404 1350 ingentem
424 1281 481 1334 lato
501 1280 582 1334 dedit
599 1298 647 1334 oro
665 1283 820 1336 fenestram.

82 1360 208 1427 Adparet
226 1359 324 1412 domus
343 1359 425 1424 intus,
446 1361 475 1410 et
494 1357 564 1410 atria
582 1357 662 1426 longa
681 1363 841 1426 patescunt;

81 1435 227 1503 Adparent
248 1435 349 1488 Priami
368 1437 397 1488 et
415 1436 539 1486 veterum
557 1435 711 1502 penetralia
728 1452 832 1502 regum,

82 1514 266 1579 Araratosquo
285 1511 380 1564 vident
399 1510 498 1562 stantis
517 1511 544 1562 in
562 1511 656 1564 limine
674 1513 770 1580 primo.
901 1527 942 1565 ese

117 1589 156 1640 At
174 1587 270 1640 domus
288 1587 402 1639 interior
420 1586 526 1652 gemitu
547 1587 701 1656 miseroque
719 1588 839 1642 tumultu

81 1664 221 1729 llliseetur,
240 1663 404 1730 penitusque
422 1677 503 1715 cavae
521 1660 697 1732 plangoribus
715 1664 799 1718 aedes

82 1739 216 1792 Femiueis
235 1739 355 1802 ululant;
373 1738 439 1791 ferit
457 1755 541 1791 aurea
559 1740 649 1793 sidera
666 1740 775 1795 clamor.

81 1815 149 1868 'sum
167 1815 281 1883 pavidae
300 1815 382 1868 tectis
402 1818 505 1866 matres
523 1815 682 1882 ingentibus
701 1820 801 1884 errant,

84 1892 289 1960 Amplexacque
308 1893 403 1944 tenent
421 1890 506 1959 postis
525 1893 611 1959 atque
629 1891 720 1944 oscula
738 1893 832 1960 figunt.
903 1910 941 1946 uc

83 1969 174 2022 Instat
191 1967 217 2021 vi
235 1967 326 2037 patria
344 1965 480 2036 Pyrrhus3
498 1983 548 2020 nee
566 1967 692 2036 claustra,
710 1985 799 2037 neque
817 1969 867 2036 ipsi

82 2045 218 2098 Custodes
236 2045 349 2098 sufferre
368 2044 476 2108 valent;
493 2043 569 2097 labat
587 2044 674 2098 ariete
692 2045 788 2098 crebro

83 2122 176 2186 Ianua,
195 2124 223 2174 et
241 2121 325 2174 emoti
342 2120 526 2188 procumbunt
545 2121 655 2174 cardine
673 2125 773 2189 postes.

83 2197 128 2250 Fit
147 2198 189 2250 via
206 2198 248 2262 vi,
265 2199 395 2264 rumpunt
412 2197 512 2264 aditus,
530 2198 687 2265 primosque
705 2198 845 2251 trucidant

85 2273 193 2326 Inurissi
212 2272 307 2338 Danai,
327 2276 356 2324 et
374 2271 430 2326 late
448 2272 507 2326 loca
524 2273 612 2328 milite
630 2273 763 2342 conplent.
903 2291 941 2327 roe

52 2364 70 2412 >s
84 2349 145 2402 Nou
165 2350 210 2415 sic,
228 2347 375 2415 aggeribus
393 2349 483 2415 ruptis
502 2365 563 2402 eum
583 2367 712 2418 spumeus
731 2352 817 2404 aurnis

84 2425 159 2478 Exiit
177 2424 370 2494 oppositasque
390 2424 470 2476 evicit
488 2426 598 2492 gurgite
617 2427 710 2493 moles,

84 2501 186 2554 Fertur
203 2501 231 2553 in
249 2516 314 2553 arva
331 2500 425 2552 furens
444 2501 558 2567 caurulo,
578 2519 742 2572 camposque
760 2519 810 2571 per
828 2502 916 2556 omnis
984 2523 985 2528 ¹

85 2578 153 2632 Oum
173 2577 287 2630 stabulis
307 2582 434 2630 armenta
453 2578 635 2651 traniaqvidi
653 2579 712 2649 ipse
730 2580 866 2633 furentem

85 2654 176 2708 Caede
186 2653 394 2722 Neoptolemum
404 2655 582 2724 geminosque
591 2656 618 2708 in
627 2655 718 2709 limine
730 2655 859 2718 Atridas;
905 2670 942 2707 aar

86 2731 151 2783 Vidi
167 2730 307 2784 Hecubam
322 2734 488 2798 centumque
503 2747 594 2798 nurus,
610 2731 803 2799 Priamumque
816 2747 866 2798 por
880 2747 942 2783 aras

87 2807 223 2874 Sanguine
241 2805 406 2872 foedantem,
427 2823 495 2875 quos
513 2808 573 2876 ipse
592 2812 752 2876 sacraverat,
771 2807 848 2875 ignis.

86 2882 289 2951 Quinquaginta
306 2881 346 2933 illi
363 2881 484 2949 thalami,
504 2899 566 2950 spes
584 2887 664 2936 tanta
681 2886 820 2951 nepotum,

88 2958 233 3010 Barbarico
252 2961 345 3025 postes
365 2973 430 3009 auro
449 2957 597 3025 spoliisque
616 2959 734 3026 superbi,

88 3033 274 3095 l'rocubuore;
293 3037 389 3084 teuent
407 3031 502 3096 Danai,
522 3048 576 3098 qua
595 3033 688 3086 deficit
706 3034 783 3100 ignis.
907 3049 942 3088 sou

62 3107 248 3160 ..rorsaan
267 3111 302 3172 et,
323 3107 424 3158 Priami
443 3106 545 3158 fuerint
563 3124 633 3172 quac
651 3109 716 3174 fata,
734 3111 863 3176 requiras.

197 3181 230 3233 ai
248 3186 345 3248 captae
362 3197 453 3233 casum
472 3180 651 3246 convolsaque
669 3182 740 3236 vidit
