<?xml version="1.0" encoding="UTF-8"?>
<!DOCTYPE html PUBLIC "-//W3C//DTD XHTML 1.0 Transitional//EN"
    "http://www.w3.org/TR/xhtml1/DTD/xhtml1-transitional.dtd">
<html xmlns="http://www.w3.org/1999/xhtml" xml:lang="en" lang="en">
 <head>
  <title>
</title>
<meta http-equiv="Content-Type" content="text/html;charset=utf-8" />
  <meta name='ocr-system' content='tesseract 3.04.00' />
  <meta name='ocr-capabilities' content='ocr_page ocr_carea ocr_par ocr_line ocrx_word'/>
</head>
<body>
  <div class='ocr_page' id='page_1' title='image "./operaexrecensio03virggoog_0020.png"; bbox 0 0 2154 3518; ppageno 0'>
   <div class='ocr_carea' id='block_1_1' title="bbox 121 147 740 199">
    <p class='ocr_par' dir='ltr' id='par_1_1' title="bbox 121 147 740 199">
     <span class='ocr_line' id='line_1_1' title="bbox 121 147 740 199; baseline -0.003 -1"><span class='ocrx_word' id='word_1_1' title='bbox 121 153 135 198; x_wconf 88' lang='grc'><strong>6</strong></span> <span class='ocrx_word' id='word_1_2' title='bbox 352 153 381 199; x_wconf 90' lang='lat' dir='ltr'>P.</span> <span class='ocrx_word' id='word_1_3' title='bbox 400 149 554 199; x_wconf 85' lang='lat' dir='ltr'>VERGILI</span> <span class='ocrx_word' id='word_1_4' title='bbox 573 147 740 198; x_wconf 87' lang='lat' dir='ltr'>MARONIS</span> 
     </span>
    </p>
   </div>
   <div class='ocr_carea' id='block_1_2' title="bbox 110 227 1030 3274">
    <p class='ocr_par' dir='ltr' id='par_1_2' title="bbox 121 227 808 299">
     <span class='ocr_line' id='line_1_2' title="bbox 121 227 808 299; baseline 0.006 -17"><span class='ocrx_word' id='word_1_5' title='bbox 121 229 257 299; x_wconf 80' lang='lat' dir='ltr'>Excipere</span> <span class='ocrx_word' id='word_1_6' title='bbox 273 229 387 296; x_wconf 87' lang='lat' dir='ltr'>insidiis,</span> <span class='ocrx_word' id='word_1_7' title='bbox 406 229 522 282; x_wconf 88' lang='lat' dir='ltr'>multum</span> <span class='ocrx_word' id='word_1_8' title='bbox 541 230 659 282; x_wconf 85' lang='lat' dir='ltr'>latrante</span> <span class='ocrx_word' id='word_1_9' title='bbox 679 227 789 296; x_wconf 77' lang='lat' dir='ltr'>Lycisca</span> <span class='ocrx_word' id='word_1_10' title='bbox 797 233 808 286; x_wconf 90' lang='lat' dir='ltr'>&#39;l</span> 
     </span>
    </p>

    <p class='ocr_par' dir='ltr' id='par_1_3' title="bbox 121 305 851 373">
     <span class='ocr_line' id='line_1_3' title="bbox 121 305 851 373; baseline 0.007 -15"><span class='ocrx_word' id='word_1_11' title='bbox 121 305 158 358; x_wconf 86' lang='lat' dir='ltr'>Ilt</span> <span class='ocrx_word' id='word_1_12' title='bbox 176 323 237 360; x_wconf 91' lang='lat' dir='ltr'>cum</span> <span class='ocrx_word' id='word_1_13' title='bbox 255 307 416 360; x_wconf 87' lang='lat' dir='ltr'>clamarem:</span> <span class='ocrx_word' id='word_1_14' title='bbox 437 305 496 369; x_wconf 80' lang='lat' dir='ltr'>Quo</span> <span class='ocrx_word' id='word_1_15' title='bbox 515 322 586 358; x_wconf 91' lang='lat' dir='ltr'>nunc</span> <span class='ocrx_word' id='word_1_16' title='bbox 604 322 633 358; x_wconf 90' lang='lat' dir='ltr'>so</span> <span class='ocrx_word' id='word_1_17' title='bbox 651 306 768 373; x_wconf 79' lang='lat' dir='ltr'><strong>proripit</strong></span> <span class='ocrx_word' id='word_1_18' title='bbox 785 308 851 363; x_wconf 82' lang='lat' dir='ltr'>illel</span> 
     </span>
    </p>

    <p class='ocr_par' dir='ltr' id='par_1_4' title="bbox 121 381 979 528">
     <span class='ocr_line' id='line_1_4' title="bbox 122 381 979 458; baseline 0.002 -24"><span class='ocrx_word' id='word_1_19' title='bbox 122 381 221 449; x_wconf 78' lang='lat' dir='ltr'><strong>Tityre,</strong></span> <span class='ocrx_word' id='word_1_20' title='bbox 241 399 306 450; x_wconf 80' lang='lat' dir='ltr'>coge</span> <span class='ocrx_word' id='word_1_21' title='bbox 324 397 425 450; x_wconf 81' lang='lat' dir='ltr'>pocus3</span> <span class='ocrx_word' id='word_1_22' title='bbox 443 387 475 435; x_wconf 88' lang='lat' dir='ltr'>tu</span> <span class='ocrx_word' id='word_1_23' title='bbox 491 384 556 450; x_wconf 90' lang='lat' dir='ltr'>post</span> <span class='ocrx_word' id='word_1_24' title='bbox 574 385 680 458; x_wconf 55' lang='lat' dir='ltr'>sarepta</span> <span class='ocrx_word' id='word_1_25' title='bbox 698 382 809 436; x_wconf 89' lang='lat' dir='ltr'>latebas.</span> <span class='ocrx_word' id='word_1_26' title='bbox 959 387 979 424; x_wconf 53' lang='grc' dir='ltr'>ἵ*</span> 
     </span>
     <span class='ocr_line' id='line_1_5' title="bbox 121 458 858 528; baseline 0.003 -17"><span class='ocrx_word' id='word_1_27' title='bbox 121 458 159 512; x_wconf 87' lang='lat' dir='ltr'>D.</span> <span class='ocrx_word' id='word_1_28' title='bbox 178 461 224 511; x_wconf 87' lang='lat' dir='ltr'>An</span> <span class='ocrx_word' id='word_1_29' title='bbox 241 459 307 512; x_wconf 88' lang='lat' dir='ltr'>mihi</span> <span class='ocrx_word' id='word_1_30' title='bbox 325 459 460 512; x_wconf 91' lang='lat' dir='ltr'>cantando</span> <span class='ocrx_word' id='word_1_31' title='bbox 478 459 566 511; x_wconf 86' lang='lat' dir='ltr'>victus</span> <span class='ocrx_word' id='word_1_32' title='bbox 583 473 637 510; x_wconf 90' lang='lat' dir='ltr'>non</span> <span class='ocrx_word' id='word_1_33' title='bbox 656 458 787 512; x_wconf 87' lang='lat' dir='ltr'>redderet</span> <span class='ocrx_word' id='word_1_34' title='bbox 804 460 858 528; x_wconf 92' lang='lat' dir='ltr'>ille,</span> 
     </span>
    </p>

    <p class='ocr_par' dir='ltr' id='par_1_5' title="bbox 122 533 897 604">
     <span class='ocr_line' id='line_1_6' title="bbox 122 533 897 604; baseline 0.003 -16"><span class='ocrx_word' id='word_1_35' title='bbox 122 535 209 599; x_wconf 82' lang='lat' dir='ltr'>Quem</span> <span class='ocrx_word' id='word_1_36' title='bbox 227 553 288 589; x_wconf 88' lang='lat' dir='ltr'>mea</span> <span class='ocrx_word' id='word_1_37' title='bbox 305 533 470 589; x_wconf 68' lang='lat' dir='ltr'><strong>carminibus</strong></span> <span class='ocrx_word' id='word_1_38' title='bbox 488 534 634 591; x_wconf 87' lang='lat' dir='ltr'>meruisset</span> <span class='ocrx_word' id='word_1_39' title='bbox 653 534 746 588; x_wconf 86' lang='lat' dir='ltr'>fistula</span> <span class='ocrx_word' id='word_1_40' title='bbox 764 539 897 604; x_wconf 77' lang='lat' dir='ltr'>crqnuml</span> 
     </span>
    </p>

    <p class='ocr_par' dir='ltr' id='par_1_6' title="bbox 121 610 862 680">
     <span class='ocr_line' id='line_1_7' title="bbox 121 610 862 680; baseline -0.001 -15"><span class='ocrx_word' id='word_1_41' title='bbox 121 611 149 665; x_wconf 79' lang='lat' dir='ltr'>Si</span> <span class='ocrx_word' id='word_1_42' title='bbox 167 613 263 680; x_wconf 87' lang='lat' dir='ltr'>nescis,</span> <span class='ocrx_word' id='word_1_43' title='bbox 281 627 358 666; x_wconf 87' lang='lat' dir='ltr'>meus</span> <span class='ocrx_word' id='word_1_44' title='bbox 375 611 422 664; x_wconf 92' lang='lat' dir='ltr'>illo</span> <span class='ocrx_word' id='word_1_45' title='bbox 439 627 521 680; x_wconf 87' lang='lat' dir='ltr'>caper</span> <span class='ocrx_word' id='word_1_46' title='bbox 538 610 605 674; x_wconf 85' lang='lat' dir='ltr'>fuit;</span> <span class='ocrx_word' id='word_1_47' title='bbox 624 611 738 664; x_wconf 87' lang='lat' dir='ltr'>etmihi</span> <span class='ocrx_word' id='word_1_48' title='bbox 757 611 862 665; x_wconf 84' lang='lat' dir='ltr'>Damon</span> 
     </span>
    </p>

    <p class='ocr_par' dir='ltr' id='par_1_7' title="bbox 122 687 805 756">
     <span class='ocr_line' id='line_1_8' title="bbox 122 687 805 756; baseline 0.001 -15"><span class='ocrx_word' id='word_1_49' title='bbox 122 688 186 756; x_wconf 89' lang='lat' dir='ltr'>Ipso</span> <span class='ocrx_word' id='word_1_50' title='bbox 202 688 361 754; x_wconf 73' lang='lat' dir='ltr'>fatebatur,</span> <span class='ocrx_word' id='word_1_51' title='bbox 380 688 429 742; x_wconf 90' lang='lat' dir='ltr'>scd</span> <span class='ocrx_word' id='word_1_52' title='bbox 447 687 565 742; x_wconf 89' lang='lat' dir='ltr'>reddere</span> <span class='ocrx_word' id='word_1_53' title='bbox 583 703 663 756; x_wconf 88' lang='lat' dir='ltr'>posse</span> <span class='ocrx_word' id='word_1_54' title='bbox 680 687 805 754; x_wconf 77' lang='lat' dir='ltr'>negabat.</span> 
     </span>
    </p>

    <p class='ocr_par' dir='ltr' id='par_1_8' title="bbox 119 763 980 986">
     <span class='ocr_line' id='line_1_9' title="bbox 119 763 980 832; baseline 0.002 -15"><span class='ocrx_word' id='word_1_55' title='bbox 119 765 161 817; x_wconf 82' lang='lat' dir='ltr'>M.</span> <span class='ocrx_word' id='word_1_56' title='bbox 175 765 317 819; x_wconf 76' lang='lat' dir='ltr'>Cantando</span> <span class='ocrx_word' id='word_1_57' title='bbox 328 769 360 819; x_wconf 90' lang='lat' dir='ltr'>tu</span> <span class='ocrx_word' id='word_1_58' title='bbox 371 765 465 820; x_wconf 74' lang='lat' dir='ltr'>illumi</span> <span class='ocrx_word' id='word_1_59' title='bbox 484 768 532 819; x_wconf 85' lang='lat' dir='ltr'>aut</span> <span class='ocrx_word' id='word_1_60' title='bbox 544 781 673 832; x_wconf 90' lang='lat' dir='ltr'>umquam</span> <span class='ocrx_word' id='word_1_61' title='bbox 685 763 737 817; x_wconf 89' lang='lat' dir='ltr'>tibi</span> <span class='ocrx_word' id='word_1_62' title='bbox 750 765 841 818; x_wconf 89' lang='lat' dir='ltr'>fistula</span> <span class='ocrx_word' id='word_1_63' title='bbox 852 781 915 819; x_wconf 85' lang='lat' dir='ltr'>cem</span> <span class='ocrx_word' id='word_1_64' title='bbox 955 779 980 819; x_wconf 77' lang='lat' dir='ltr'>ra</span> 
     </span>
     <span class='ocr_line' id='line_1_10' title="bbox 122 840 850 910; baseline 0.001 -17"><span class='ocrx_word' id='word_1_65' title='bbox 122 841 219 894; x_wconf 87' lang='lat' dir='ltr'>Iuncta</span> <span class='ocrx_word' id='word_1_66' title='bbox 236 841 311 896; x_wconf 79' lang='lat' dir='ltr'>fuitt</span> <span class='ocrx_word' id='word_1_67' title='bbox 329 859 382 894; x_wconf 89' lang='lat' dir='ltr'>non</span> <span class='ocrx_word' id='word_1_68' title='bbox 401 845 433 894; x_wconf 90' lang='lat' dir='ltr'>tu</span> <span class='ocrx_word' id='word_1_69' title='bbox 450 841 478 894; x_wconf 91' lang='lat' dir='ltr'>in</span> <span class='ocrx_word' id='word_1_70' title='bbox 496 840 592 904; x_wconf 82' lang='lat' dir='ltr'>triviis,</span> <span class='ocrx_word' id='word_1_71' title='bbox 610 840 728 910; x_wconf 87' lang='lat' dir='ltr'>indocte,</span> <span class='ocrx_word' id='word_1_72' title='bbox 745 841 850 894; x_wconf 83' lang='lat' dir='ltr'>solebas</span> 
     </span>
     <span class='ocr_line' id='line_1_11' title="bbox 121 916 849 986; baseline 0.004 -17"><span class='ocrx_word' id='word_1_73' title='bbox 121 916 256 970; x_wconf 83' lang='lat' dir='ltr'>Stridenti</span> <span class='ocrx_word' id='word_1_74' title='bbox 274 918 403 971; x_wconf 87' lang='lat' dir='ltr'>misorum</span> <span class='ocrx_word' id='word_1_75' title='bbox 423 917 524 986; x_wconf 87' lang='lat' dir='ltr'>stipula</span> <span class='ocrx_word' id='word_1_76' title='bbox 542 917 704 985; x_wconf 88' lang='lat' dir='ltr'>disperdere</span> <span class='ocrx_word' id='word_1_77' title='bbox 722 919 849 972; x_wconf 74' lang='lat' dir='ltr'>comneni</span> 
     </span>
    </p>

    <p class='ocr_par' dir='ltr' id='par_1_9' title="bbox 121 993 953 1139">
     <span class='ocr_line' id='line_1_12' title="bbox 121 993 953 1062; baseline 0.002 -16"><span class='ocrx_word' id='word_1_78' title='bbox 121 993 158 1046; x_wconf 89' lang='lat' dir='ltr'>D.</span> <span class='ocrx_word' id='word_1_79' title='bbox 177 993 226 1046; x_wconf 87' lang='lat' dir='ltr'>Vis</span> <span class='ocrx_word' id='word_1_80' title='bbox 245 1011 317 1060; x_wconf 81' lang='lat' dir='ltr'>ergo,</span> <span class='ocrx_word' id='word_1_81' title='bbox 335 995 409 1047; x_wconf 86' lang='lat' dir='ltr'>inter</span> <span class='ocrx_word' id='word_1_82' title='bbox 426 1011 483 1061; x_wconf 87' lang='lat' dir='ltr'>nos,</span> <span class='ocrx_word' id='word_1_83' title='bbox 503 993 570 1062; x_wconf 92' lang='lat' dir='ltr'>quid</span> <span class='ocrx_word' id='word_1_84' title='bbox 588 995 675 1062; x_wconf 88' lang='lat' dir='ltr'>possit</span> <span class='ocrx_word' id='word_1_85' title='bbox 692 996 817 1062; x_wconf 87' lang='lat' dir='ltr'>uterquc,</span> <span class='ocrx_word' id='word_1_86' title='bbox 836 995 953 1048; x_wconf 83' lang='lat' dir='ltr'>vicissim</span> 
     </span>
     <span class='ocr_line' id='line_1_13' title="bbox 123 1070 901 1139; baseline 0.001 -15"><span class='ocrx_word' id='word_1_87' title='bbox 123 1071 321 1139; x_wconf 69' lang='lat' dir='ltr'>Experiamur?</span> <span class='ocrx_word' id='word_1_88' title='bbox 340 1087 390 1138; x_wconf 84' lang='lat' dir='ltr'>ego</span> <span class='ocrx_word' id='word_1_89' title='bbox 407 1071 477 1124; x_wconf 90' lang='lat' dir='ltr'>hanc</span> <span class='ocrx_word' id='word_1_90' title='bbox 496 1070 679 1124; x_wconf 86' lang='lat' dir='ltr'>vitulam-ne</span> <span class='ocrx_word' id='word_1_91' title='bbox 696 1071 768 1124; x_wconf 84' lang='lat' dir='ltr'>forte</span> <span class='ocrx_word' id='word_1_92' title='bbox 786 1087 901 1136; x_wconf 87' lang='lat' dir='ltr'>recuses,</span> 
     </span>
    </p>

    <p class='ocr_par' dir='ltr' id='par_1_10' title="bbox 122 1145 978 1292">
     <span class='ocr_line' id='line_1_14' title="bbox 123 1145 978 1214; baseline -0.004 -12"><span class='ocrx_word' id='word_1_93' title='bbox 123 1147 169 1202; x_wconf 88' lang='lat' dir='ltr'>Bis</span> <span class='ocrx_word' id='word_1_94' title='bbox 186 1148 262 1200; x_wconf 86' lang='lat' dir='ltr'>venit</span> <span class='ocrx_word' id='word_1_95' title='bbox 279 1146 315 1200; x_wconf 91' lang='lat' dir='ltr'>ad</span> <span class='ocrx_word' id='word_1_96' title='bbox 332 1147 483 1214; x_wconf 82' lang='lat' dir='ltr'>mulctram,</span> <span class='ocrx_word' id='word_1_97' title='bbox 501 1146 580 1199; x_wconf 88' lang='lat' dir='ltr'>binos</span> <span class='ocrx_word' id='word_1_98' title='bbox 598 1147 647 1200; x_wconf 81' lang='lat' dir='ltr'>alit</span> <span class='ocrx_word' id='word_1_99' title='bbox 665 1145 750 1200; x_wconf 87' lang='lat' dir='ltr'>ubere</span> <span class='ocrx_word' id='word_1_100' title='bbox 767 1148 875 1200; x_wconf 78' lang='lat' dir='ltr'>fetus-</span> <span class='ocrx_word' id='word_1_101' title='bbox 953 1161 978 1200; x_wconf 84' lang='lat' dir='ltr'>co</span> 
     </span>
     <span class='ocr_line' id='line_1_15' title="bbox 122 1223 809 1292; baseline 0.003 -16"><span class='ocrx_word' id='word_1_102' title='bbox 122 1223 251 1292; x_wconf 91' lang='lat' dir='ltr'>Depono:</span> <span class='ocrx_word' id='word_1_103' title='bbox 269 1228 301 1277; x_wconf 88' lang='lat' dir='ltr'>tu</span> <span class='ocrx_word' id='word_1_104' title='bbox 318 1223 370 1291; x_wconf 86' lang='lat' dir='ltr'>dic,</span> <span class='ocrx_word' id='word_1_105' title='bbox 387 1240 493 1276; x_wconf 87' lang='lat' dir='ltr'>mecum</span> <span class='ocrx_word' id='word_1_106' title='bbox 512 1239 566 1291; x_wconf 89' lang='lat' dir='ltr'>quo</span> <span class='ocrx_word' id='word_1_107' title='bbox 583 1223 695 1290; x_wconf 78' lang='lat' dir='ltr'>pignore</span> <span class='ocrx_word' id='word_1_108' title='bbox 712 1227 809 1278; x_wconf 89' lang='lat' dir='ltr'>certes.</span> 
     </span>
    </p>

    <p class='ocr_par' dir='ltr' id='par_1_11' title="bbox 110 1298 977 1672">
     <span class='ocr_line' id='line_1_16' title="bbox 110 1298 948 1368; baseline 0.001 -15"><span class='ocrx_word' id='word_1_109' title='bbox 110 1299 162 1353; x_wconf 89' lang='lat' dir='ltr'>&#39;M.</span> <span class='ocrx_word' id='word_1_110' title='bbox 182 1300 224 1353; x_wconf 91' lang='lat' dir='ltr'>De</span> <span class='ocrx_word' id='word_1_111' title='bbox 241 1317 326 1368; x_wconf 82' lang='lat' dir='ltr'>grege</span> <span class='ocrx_word' id='word_1_112' title='bbox 344 1316 397 1353; x_wconf 86' lang='lat' dir='ltr'>nou</span> <span class='ocrx_word' id='word_1_113' title='bbox 415 1300 501 1352; x_wconf 86' lang='lat' dir='ltr'>ausim</span> <span class='ocrx_word' id='word_1_114' title='bbox 521 1299 667 1366; x_wconf 88' lang='lat' dir='ltr'>quicquam</span> <span class='ocrx_word' id='word_1_115' title='bbox 685 1298 822 1366; x_wconf 82' lang='lat' dir='ltr'>deponere</span> <span class='ocrx_word' id='word_1_116' title='bbox 840 1307 948 1354; x_wconf 84' lang='lat' dir='ltr'>tecum:</span> 
     </span>
     <span class='ocr_line' id='line_1_17' title="bbox 122 1375 917 1446; baseline 0.001 -18"><span class='ocrx_word' id='word_1_117' title='bbox 122 1376 172 1430; x_wconf 83' lang='lat' dir='ltr'>Ilst</span> <span class='ocrx_word' id='word_1_118' title='bbox 190 1376 256 1429; x_wconf 92' lang='lat' dir='ltr'>mihi</span> <span class='ocrx_word' id='word_1_119' title='bbox 273 1394 391 1446; x_wconf 88' lang='lat' dir='ltr'>namque</span> <span class='ocrx_word' id='word_1_120' title='bbox 410 1377 482 1429; x_wconf 90' lang='lat' dir='ltr'>domi</span> <span class='ocrx_word' id='word_1_121' title='bbox 501 1379 587 1444; x_wconf 86' lang='lat' dir='ltr'>pater,</span> <span class='ocrx_word' id='word_1_122' title='bbox 607 1378 649 1428; x_wconf 90' lang='lat' dir='ltr'>est</span> <span class='ocrx_word' id='word_1_123' title='bbox 666 1375 768 1428; x_wconf 88' lang='lat' dir='ltr'>iniusta</span> <span class='ocrx_word' id='word_1_124' title='bbox 784 1392 917 1442; x_wconf 83' lang='lat' dir='ltr'>nororca;</span> 
     </span>
     <span class='ocr_line' id='line_1_18' title="bbox 122 1451 917 1520; baseline 0 -15"><span class='ocrx_word' id='word_1_125' title='bbox 122 1453 224 1520; x_wconf 82' lang='lat' dir='ltr'>Bisque</span> <span class='ocrx_word' id='word_1_126' title='bbox 243 1452 287 1505; x_wconf 89' lang='lat' dir='ltr'>die</span> <span class='ocrx_word' id='word_1_127' title='bbox 305 1456 450 1506; x_wconf 87' lang='lat' dir='ltr'>numerant</span> <span class='ocrx_word' id='word_1_128' title='bbox 468 1452 547 1504; x_wconf 87' lang='lat' dir='ltr'>ambo</span> <span class='ocrx_word' id='word_1_129' title='bbox 566 1468 656 1519; x_wconf 87' lang='lat' dir='ltr'>pecus,</span> <span class='ocrx_word' id='word_1_130' title='bbox 674 1451 744 1506; x_wconf 85' lang='lat' dir='ltr'>alter</span> <span class='ocrx_word' id='word_1_131' title='bbox 761 1454 791 1504; x_wconf 89' lang='lat' dir='ltr'>ot</span> <span class='ocrx_word' id='word_1_132' title='bbox 808 1451 917 1506; x_wconf 85' lang='lat' dir='ltr'>haedos.</span> 
     </span>
     <span class='ocr_line' id='line_1_19' title="bbox 123 1527 977 1596; baseline 0.004 -15"><span class='ocrx_word' id='word_1_133' title='bbox 123 1529 233 1596; x_wconf 87' lang='lat' dir='ltr'>Verum,</span> <span class='ocrx_word' id='word_1_134' title='bbox 251 1528 281 1580; x_wconf 92' lang='lat' dir='ltr'>id</span> <span class='ocrx_word' id='word_1_135' title='bbox 299 1527 373 1596; x_wconf 93' lang='lat' dir='ltr'>quod</span> <span class='ocrx_word' id='word_1_136' title='bbox 390 1527 477 1579; x_wconf 89' lang='lat' dir='ltr'>multo</span> <span class='ocrx_word' id='word_1_137' title='bbox 494 1529 556 1578; x_wconf 88' lang='lat' dir='ltr'>tuto</span> <span class='ocrx_word' id='word_1_138' title='bbox 573 1527 633 1594; x_wconf 89' lang='lat' dir='ltr'>ipso</span> <span class='ocrx_word' id='word_1_139' title='bbox 650 1527 772 1579; x_wconf 87' lang='lat' dir='ltr'>fatebere</span> <span class='ocrx_word' id='word_1_140' title='bbox 790 1528 884 1594; x_wconf 86' lang='lat' dir='ltr'>maius,</span> <span class='ocrx_word' id='word_1_141' title='bbox 951 1544 977 1584; x_wconf 73' lang='lat'>³⁵</span> 
     </span>
     <span class='ocr_line' id='line_1_20' title="bbox 123 1602 796 1672; baseline -0.003 -14"><span class='ocrx_word' id='word_1_142' title='bbox 123 1606 245 1658; x_wconf 88' lang='lat' dir='ltr'>Insanire</span> <span class='ocrx_word' id='word_1_143' title='bbox 263 1604 331 1658; x_wconf 84' lang='lat' dir='ltr'>libet</span> <span class='ocrx_word' id='word_1_144' title='bbox 349 1605 476 1671; x_wconf 89' lang='lat' dir='ltr'>quoniam</span> <span class='ocrx_word' id='word_1_145' title='bbox 494 1602 554 1669; x_wconf 86' lang='lat' dir='ltr'>tibi,</span> <span class='ocrx_word' id='word_1_146' title='bbox 572 1603 668 1672; x_wconf 88' lang='lat' dir='ltr'>pocula</span> <span class='ocrx_word' id='word_1_147' title='bbox 685 1619 796 1671; x_wconf 87' lang='lat' dir='ltr'>ponam·</span> 
     </span>
    </p>

    <p class='ocr_par' dir='ltr' id='par_1_12' title="bbox 123 1679 808 1749">
     <span class='ocr_line' id='line_1_21' title="bbox 123 1679 808 1749; baseline 0 -15"><span class='ocrx_word' id='word_1_148' title='bbox 123 1682 232 1749; x_wconf 71' lang='lat' dir='ltr'>Pagina,</span> <span class='ocrx_word' id='word_1_149' title='bbox 251 1681 383 1734; x_wconf 89' lang='lat' dir='ltr'>caelatum</span> <span class='ocrx_word' id='word_1_150' title='bbox 402 1679 486 1732; x_wconf 83' lang='lat' dir='ltr'>divini</span> <span class='ocrx_word' id='word_1_151' title='bbox 506 1695 573 1747; x_wconf 89' lang='lat' dir='ltr'>opus</span> <span class='ocrx_word' id='word_1_152' title='bbox 592 1679 808 1734; x_wconf 77' lang='lat' dir='ltr'>Alcimedontis:</span> 
     </span>
    </p>

    <p class='ocr_par' dir='ltr' id='par_1_13' title="bbox 122 1755 792 1824">
     <span class='ocr_line' id='line_1_22' title="bbox 122 1755 792 1824; baseline -0.001 -14"><span class='ocrx_word' id='word_1_153' title='bbox 122 1758 209 1811; x_wconf 81' lang='lat' dir='ltr'>Denta</span> <span class='ocrx_word' id='word_1_154' title='bbox 228 1757 325 1824; x_wconf 88' lang='lat' dir='ltr'>quibus</span> <span class='ocrx_word' id='word_1_155' title='bbox 344 1760 422 1808; x_wconf 90' lang='lat' dir='ltr'>torno</span> <span class='ocrx_word' id='word_1_156' title='bbox 441 1755 513 1808; x_wconf 83' lang='lat' dir='ltr'>facili</span> <span class='ocrx_word' id='word_1_157' title='bbox 533 1755 711 1822; x_wconf 80' lang='lat' dir='ltr'>superaddita</span> <span class='ocrx_word' id='word_1_158' title='bbox 729 1755 792 1809; x_wconf 88' lang='lat' dir='ltr'>vitis</span> 
     </span>
    </p>

    <p class='ocr_par' dir='ltr' id='par_1_14' title="bbox 121 1831 978 2054">
     <span class='ocr_line' id='line_1_23' title="bbox 122 1831 952 1900; baseline 0 -15"><span class='ocrx_word' id='word_1_159' title='bbox 122 1832 239 1886; x_wconf 87' lang='lat' dir='ltr'>Diffusus</span> <span class='ocrx_word' id='word_1_160' title='bbox 257 1832 359 1885; x_wconf 87' lang='lat' dir='ltr'>hodera</span> <span class='ocrx_word' id='word_1_161' title='bbox 376 1832 459 1884; x_wconf 85' lang='lat' dir='ltr'>vestit</span> <span class='ocrx_word' id='word_1_162' title='bbox 477 1831 595 1897; x_wconf 88' lang='lat' dir='ltr'>pallente</span> <span class='ocrx_word' id='word_1_163' title='bbox 612 1833 760 1900; x_wconf 79' lang='lat' dir='ltr'>corymbos</span> <span class='ocrx_word' id='word_1_164' title='bbox 946 1883 952 1897; x_wconf 78' lang='grc'>,</span> 
     </span>
     <span class='ocr_line' id='line_1_24' title="bbox 123 1907 978 1978; baseline 0.004 -16"><span class='ocrx_word' id='word_1_165' title='bbox 123 1910 155 1962; x_wconf 93' lang='lat' dir='ltr'>Iu</span> <span class='ocrx_word' id='word_1_166' title='bbox 172 1908 262 1962; x_wconf 90' lang='lat' dir='ltr'>modio</span> <span class='ocrx_word' id='word_1_167' title='bbox 280 1907 333 1960; x_wconf 88' lang='lat' dir='ltr'>duo</span> <span class='ocrx_word' id='word_1_168' title='bbox 351 1908 434 1974; x_wconf 81' lang='lat' dir='ltr'>signa,</span> <span class='ocrx_word' id='word_1_169' title='bbox 454 1908 553 1973; x_wconf 81' lang='lat' dir='ltr'>Conon,</span> <span class='ocrx_word' id='word_1_170' title='bbox 572 1909 697 1978; x_wconf 89' lang='lat' dir='ltr'>ct—quis</span> <span class='ocrx_word' id='word_1_171' title='bbox 714 1908 767 1962; x_wconf 84' lang='lat' dir='ltr'>fuit</span> <span class='ocrx_word' id='word_1_172' title='bbox 784 1909 862 1978; x_wconf 84' lang='lat' dir='ltr'>altor,</span> <span class='ocrx_word' id='word_1_173' title='bbox 953 1931 978 1970; x_wconf 75' lang='grc' dir='ltr'>ω</span> 
     </span>
     <span class='ocr_line' id='line_1_25' title="bbox 121 1984 804 2054; baseline 0 -16"><span class='ocrx_word' id='word_1_174' title='bbox 121 1985 271 2054; x_wconf 79' lang='lat' dir='ltr'>Descripsit</span> <span class='ocrx_word' id='word_1_175' title='bbox 288 1984 365 2038; x_wconf 88' lang='lat' dir='ltr'>radio</span> <span class='ocrx_word' id='word_1_176' title='bbox 383 1987 473 2038; x_wconf 87' lang='lat' dir='ltr'>totum</span> <span class='ocrx_word' id='word_1_177' title='bbox 491 1984 538 2054; x_wconf 89' lang='lat' dir='ltr'>qui</span> <span class='ocrx_word' id='word_1_178' title='bbox 556 1984 684 2052; x_wconf 85' lang='lat' dir='ltr'>gentibus</span> <span class='ocrx_word' id='word_1_179' title='bbox 702 1985 804 2053; x_wconf 90' lang='lat' dir='ltr'>orbem,</span> 
     </span>
    </p>

    <p class='ocr_par' dir='ltr' id='par_1_15' title="bbox 120 2063 984 2208">
     <span class='ocr_line' id='line_1_26' title="bbox 121 2063 984 2132; baseline 0.005 -18"><span class='ocrx_word' id='word_1_180' title='bbox 121 2063 252 2129; x_wconf 84' lang='lat' dir='ltr'>Tempora</span> <span class='ocrx_word' id='word_1_181' title='bbox 269 2079 339 2131; x_wconf 88' lang='lat' dir='ltr'>quae</span> <span class='ocrx_word' id='word_1_182' title='bbox 356 2079 467 2129; x_wconf 82' lang='lat' dir='ltr'>messor,</span> <span class='ocrx_word' id='word_1_183' title='bbox 486 2078 556 2132; x_wconf 89' lang='lat' dir='ltr'>quae</span> <span class='ocrx_word' id='word_1_184' title='bbox 573 2078 672 2117; x_wconf 90' lang='lat' dir='ltr'>curvus</span> <span class='ocrx_word' id='word_1_185' title='bbox 689 2066 781 2116; x_wconf 83' lang='lat' dir='ltr'>arator</span> <span class='ocrx_word' id='word_1_186' title='bbox 799 2063 933 2118; x_wconf 74' lang='lat' dir='ltr'>lrabcrotl</span> <span class='ocrx_word' id='word_1_187' title='bbox 982 2098 984 2103; x_wconf 90' lang='lat'><em>-</em></span> 
     </span>
     <span class='ocr_line' id='line_1_27' title="bbox 120 2138 840 2208; baseline 0.006 -18"><span class='ocrx_word' id='word_1_188' title='bbox 120 2138 244 2191; x_wconf 83' lang='lat' dir='ltr'>Necdum</span> <span class='ocrx_word' id='word_1_189' title='bbox 260 2139 315 2192; x_wconf 93' lang='lat' dir='ltr'>illis</span> <span class='ocrx_word' id='word_1_190' title='bbox 331 2139 409 2193; x_wconf 86' lang='lat' dir='ltr'>labra</span> <span class='ocrx_word' id='word_1_191' title='bbox 426 2139 541 2208; x_wconf 85' lang='lat' dir='ltr'>admovi,</span> <span class='ocrx_word' id='word_1_192' title='bbox 561 2139 611 2194; x_wconf 90' lang='lat' dir='ltr'>sed</span> <span class='ocrx_word' id='word_1_193' title='bbox 628 2140 738 2194; x_wconf 84' lang='lat' dir='ltr'>condito</span> <span class='ocrx_word' id='word_1_194' title='bbox 756 2155 840 2194; x_wconf 74' lang='lat' dir='ltr'>servo,</span> 
     </span>
    </p>

    <p class='ocr_par' dir='ltr' id='par_1_16' title="bbox 120 2213 854 2283">
     <span class='ocr_line' id='line_1_28' title="bbox 120 2213 854 2283; baseline 0.001 -16"><span class='ocrx_word' id='word_1_195' title='bbox 120 2215 157 2268; x_wconf 90' lang='lat' dir='ltr'>D.</span> <span class='ocrx_word' id='word_1_196' title='bbox 176 2215 212 2266; x_wconf 87' lang='lat' dir='ltr'>Et</span> <span class='ocrx_word' id='word_1_197' title='bbox 229 2213 305 2266; x_wconf 88' lang='lat' dir='ltr'>nobis</span> <span class='ocrx_word' id='word_1_198' title='bbox 324 2217 397 2268; x_wconf 89' lang='lat' dir='ltr'>idem</span> <span class='ocrx_word' id='word_1_199' title='bbox 416 2214 578 2268; x_wconf 88' lang='lat' dir='ltr'>Alcimedon</span> <span class='ocrx_word' id='word_1_200' title='bbox 596 2215 651 2268; x_wconf 91' lang='lat' dir='ltr'>duo</span> <span class='ocrx_word' id='word_1_201' title='bbox 669 2215 764 2283; x_wconf 87' lang='lat' dir='ltr'>pocula</span> <span class='ocrx_word' id='word_1_202' title='bbox 782 2216 854 2282; x_wconf 88' lang='lat' dir='ltr'>fecit,</span> 
     </span>
    </p>

    <p class='ocr_par' dir='ltr' id='par_1_17' title="bbox 118 2289 977 2508">
     <span class='ocr_line' id='line_1_29' title="bbox 119 2289 977 2358; baseline 0.003 -14"><span class='ocrx_word' id='word_1_203' title='bbox 119 2291 155 2344; x_wconf 82' lang='lat' dir='ltr'>Et</span> <span class='ocrx_word' id='word_1_204' title='bbox 172 2290 246 2343; x_wconf 90' lang='lat' dir='ltr'>molli</span> <span class='ocrx_word' id='word_1_205' title='bbox 264 2289 365 2343; x_wconf 85' lang='lat' dir='ltr'>circum</span> <span class='ocrx_word' id='word_1_206' title='bbox 383 2293 426 2342; x_wconf 86' lang='lat' dir='ltr'>est</span> <span class='ocrx_word' id='word_1_207' title='bbox 444 2306 522 2342; x_wconf 91' lang='lat' dir='ltr'>ansas</span> <span class='ocrx_word' id='word_1_208' title='bbox 540 2290 681 2357; x_wconf 84' lang='lat' dir='ltr'>amplexus</span> <span class='ocrx_word' id='word_1_209' title='bbox 699 2294 822 2358; x_wconf 85' lang='lat' dir='ltr'>acantho,</span> <span class='ocrx_word' id='word_1_210' title='bbox 952 2308 977 2347; x_wconf 76' lang='lat'>⁴5</span> 
     </span>
     <span class='ocr_line' id='line_1_30' title="bbox 119 2364 864 2436; baseline 0.001 -16"><span class='ocrx_word' id='word_1_211' title='bbox 119 2367 284 2436; x_wconf 86' lang='lat' dir='ltr'>Orpheaque</span> <span class='ocrx_word' id='word_1_212' title='bbox 302 2367 330 2417; x_wconf 90' lang='lat' dir='ltr'>in</span> <span class='ocrx_word' id='word_1_213' title='bbox 348 2364 438 2418; x_wconf 89' lang='lat' dir='ltr'>medio</span> <span class='ocrx_word' id='word_1_214' title='bbox 456 2367 547 2432; x_wconf 86' lang='lat' dir='ltr'>posuit</span> <span class='ocrx_word' id='word_1_215' title='bbox 565 2364 701 2433; x_wconf 85' lang='lat' dir='ltr'>silvasque</span> <span class='ocrx_word' id='word_1_216' title='bbox 720 2369 864 2435; x_wconf 85' lang='lat' dir='ltr'>sequentis.</span> 
     </span>
     <span class='ocr_line' id='line_1_31' title="bbox 118 2440 846 2508; baseline -0.003 -11"><span class='ocrx_word' id='word_1_217' title='bbox 118 2443 244 2497; x_wconf 84' lang='lat' dir='ltr'>Necdum</span> <span class='ocrx_word' id='word_1_218' title='bbox 263 2443 316 2494; x_wconf 91' lang='lat' dir='ltr'>illis</span> <span class='ocrx_word' id='word_1_219' title='bbox 335 2441 412 2494; x_wconf 91' lang='lat' dir='ltr'>labra</span> <span class='ocrx_word' id='word_1_220' title='bbox 432 2441 548 2508; x_wconf 83' lang='lat' dir='ltr'>admovi,</span> <span class='ocrx_word' id='word_1_221' title='bbox 567 2440 616 2493; x_wconf 87' lang='lat' dir='ltr'>scd</span> <span class='ocrx_word' id='word_1_222' title='bbox 634 2441 743 2494; x_wconf 87' lang='lat' dir='ltr'>condita</span> <span class='ocrx_word' id='word_1_223' title='bbox 761 2459 846 2495; x_wconf 86' lang='lat' dir='ltr'>servo.</span> 
     </span>
    </p>

    <p class='ocr_par' dir='ltr' id='par_1_18' title="bbox 116 2516 976 2817">
     <span class='ocr_line' id='line_1_32' title="bbox 118 2516 948 2586; baseline 0 -12"><span class='ocrx_word' id='word_1_224' title='bbox 118 2520 147 2574; x_wconf 80' lang='lat' dir='ltr'>Si</span> <span class='ocrx_word' id='word_1_225' title='bbox 165 2520 200 2574; x_wconf 87' lang='lat' dir='ltr'>ad</span> <span class='ocrx_word' id='word_1_226' title='bbox 218 2519 330 2573; x_wconf 87' lang='lat' dir='ltr'>vitulam</span> <span class='ocrx_word' id='word_1_227' title='bbox 352 2521 467 2586; x_wconf 71' lang='lat' dir='ltr'>spectas</span> <span class='ocrx_word' id='word_1_228' title='bbox 487 2516 555 2570; x_wconf 90' lang='lat' dir='ltr'>nihil</span> <span class='ocrx_word' id='word_1_229' title='bbox 574 2521 623 2585; x_wconf 85' lang='lat' dir='ltr'>cst,</span> <span class='ocrx_word' id='word_1_230' title='bbox 643 2517 716 2586; x_wconf 90' lang='lat' dir='ltr'>quod</span> <span class='ocrx_word' id='word_1_231' title='bbox 734 2518 830 2585; x_wconf 87' lang='lat' dir='ltr'>pocula</span> <span class='ocrx_word' id='word_1_232' title='bbox 846 2520 948 2574; x_wconf 87' lang='lat' dir='ltr'>laudes.</span> 
     </span>
     <span class='ocr_line' id='line_1_33' title="bbox 117 2594 975 2664; baseline -0.001 -14"><span class='ocrx_word' id='word_1_233' title='bbox 117 2596 158 2650; x_wconf 88' lang='lat' dir='ltr'>M.</span> <span class='ocrx_word' id='word_1_234' title='bbox 168 2596 314 2664; x_wconf 83' lang='lat' dir='ltr'>Nunquam</span> <span class='ocrx_word' id='word_1_235' title='bbox 325 2595 407 2648; x_wconf 91' lang='lat' dir='ltr'>hodie</span> <span class='ocrx_word' id='word_1_236' title='bbox 422 2594 675 2662; x_wconf 81' lang='lat' dir='ltr'>effugies;renia1u,</span> <span class='ocrx_word' id='word_1_237' title='bbox 686 2609 855 2662; x_wconf 88' lang='lat' dir='ltr'>quocumque</span> <span class='ocrx_word' id='word_1_238' title='bbox 864 2597 975 2650; x_wconf 72' lang='lat' dir='ltr'>vocaris.</span> 
     </span>
     <span class='ocr_line' id='line_1_34' title="bbox 118 2669 976 2738; baseline -0.006 -11"><span class='ocrx_word' id='word_1_239' title='bbox 118 2673 224 2728; x_wconf 90' lang='lat' dir='ltr'>Audiat</span> <span class='ocrx_word' id='word_1_240' title='bbox 236 2672 302 2724; x_wconf 88' lang='lat' dir='ltr'>haec</span> <span class='ocrx_word' id='word_1_241' title='bbox 315 2670 503 2724; x_wconf 75' lang='lat' dir='ltr'>tantum—vel</span> <span class='ocrx_word' id='word_1_242' title='bbox 520 2670 661 2738; x_wconf 81' lang='lat' dir='ltr'>quiverit,</span> <span class='ocrx_word' id='word_1_243' title='bbox 675 2687 743 2733; x_wconf 88' lang='lat' dir='ltr'>ccco,</span> <span class='ocrx_word' id='word_1_244' title='bbox 757 2669 909 2722; x_wconf 88' lang='lat' dir='ltr'>Palaemon.</span> <span class='ocrx_word' id='word_1_245' title='bbox 950 2687 976 2722; x_wconf 82' lang='lat' dir='ltr'>uo</span> 
     </span>
     <span class='ocr_line' id='line_1_35' title="bbox 116 2747 833 2817; baseline -0.004 -15"><span class='ocrx_word' id='word_1_246' title='bbox 116 2750 237 2803; x_wconf 81' lang='lat' dir='ltr'>Efficiam</span> <span class='ocrx_word' id='word_1_247' title='bbox 255 2747 368 2816; x_wconf 89' lang='lat' dir='ltr'>posthac</span> <span class='ocrx_word' id='word_1_248' title='bbox 387 2765 422 2802; x_wconf 88' lang='lat' dir='ltr'>no</span> <span class='ocrx_word' id='word_1_249' title='bbox 442 2763 606 2817; x_wconf 88' lang='lat' dir='ltr'>quemqnam</span> <span class='ocrx_word' id='word_1_250' title='bbox 627 2763 692 2800; x_wconf 84' lang='lat' dir='ltr'>voce</span> <span class='ocrx_word' id='word_1_251' title='bbox 710 2747 833 2800; x_wconf 87' lang='lat' dir='ltr'>lacessas.</span> 
     </span>
    </p>

    <p class='ocr_par' dir='ltr' id='par_1_19' title="bbox 116 2820 931 3046">
     <span class='ocr_line' id='line_1_36' title="bbox 116 2820 931 2893; baseline -0.007 -13"><span class='ocrx_word' id='word_1_252' title='bbox 116 2826 154 2880; x_wconf 90' lang='lat' dir='ltr'>D.</span> <span class='ocrx_word' id='word_1_253' title='bbox 173 2825 243 2891; x_wconf 80' lang='lat' dir='ltr'>Quin</span> <span class='ocrx_word' id='word_1_254' title='bbox 256 2841 313 2892; x_wconf 84' lang='lat' dir='ltr'>age,</span> <span class='ocrx_word' id='word_1_255' title='bbox 327 2824 350 2877; x_wconf 90' lang='lat' dir='ltr'>si</span> <span class='ocrx_word' id='word_1_256' title='bbox 364 2824 431 2893; x_wconf 91' lang='lat' dir='ltr'>quid</span> <span class='ocrx_word' id='word_1_257' title='bbox 442 2823 536 2891; x_wconf 79' lang='lat' dir='ltr'>habea,</span> <span class='ocrx_word' id='word_1_258' title='bbox 549 2823 578 2876; x_wconf 91' lang='lat' dir='ltr'>iu</span> <span class='ocrx_word' id='word_1_259' title='bbox 592 2840 725 2878; x_wconf 86' lang='lat' dir='ltr'>memora</span> <span class='ocrx_word' id='word_1_260' title='bbox 738 2840 791 2876; x_wconf 87' lang='lat' dir='ltr'>nou</span> <span class='ocrx_word' id='word_1_261' title='bbox 803 2823 857 2876; x_wconf 88' lang='lat' dir='ltr'>crit</span> <span class='ocrx_word' id='word_1_262' title='bbox 869 2820 931 2888; x_wconf 79' lang='lat' dir='ltr'>ulla,</span> 
     </span>
     <span class='ocr_line' id='line_1_37' title="bbox 118 2899 881 2970; baseline -0.005 -16"><span class='ocrx_word' id='word_1_263' title='bbox 118 2901 175 2955; x_wconf 90' lang='lat' dir='ltr'>Nec</span> <span class='ocrx_word' id='word_1_264' title='bbox 193 2917 357 2970; x_wconf 86' lang='lat' dir='ltr'>quemquam</span> <span class='ocrx_word' id='word_1_265' title='bbox 375 2901 466 2969; x_wconf 84' lang='lat' dir='ltr'>fugio:</span> <span class='ocrx_word' id='word_1_266' title='bbox 485 2904 600 2967; x_wconf 88' lang='lat' dir='ltr'>tantum,</span> <span class='ocrx_word' id='word_1_267' title='bbox 619 2900 705 2955; x_wconf 86' lang='lat' dir='ltr'>vicine</span> <span class='ocrx_word' id='word_1_268' title='bbox 727 2899 881 2966; x_wconf 88' lang='lat' dir='ltr'>Palaemon,</span> 
     </span>
     <span class='ocr_line' id='line_1_38' title="bbox 117 2976 865 3046; baseline 0 -17"><span class='ocrx_word' id='word_1_269' title='bbox 117 2976 245 3031; x_wconf 83' lang='lat' dir='ltr'>Sensibus</span> <span class='ocrx_word' id='word_1_270' title='bbox 265 2978 418 3046; x_wconf 72' lang='lat' dir='ltr'>homimis,</span> <span class='ocrx_word' id='word_1_271' title='bbox 437 2995 481 3031; x_wconf 89' lang='lat' dir='ltr'>res</span> <span class='ocrx_word' id='word_1_272' title='bbox 500 2980 542 3031; x_wconf 85' lang='lat' dir='ltr'>est</span> <span class='ocrx_word' id='word_1_273' title='bbox 560 2992 613 3031; x_wconf 90' lang='lat' dir='ltr'>non</span> <span class='ocrx_word' id='word_1_274' title='bbox 630 2994 722 3046; x_wconf 87' lang='lat' dir='ltr'>parva,</span> <span class='ocrx_word' id='word_1_275' title='bbox 742 2993 865 3046; x_wconf 81' lang='lat' dir='ltr'>reponas</span> 
     </span>
    </p>

    <p class='ocr_par' dir='ltr' id='par_1_20' title="bbox 117 3052 1030 3274">
     <span class='ocr_line' id='line_1_39' title="bbox 117 3052 1030 3123; baseline -0.005 -16"><span class='ocrx_word' id='word_1_276' title='bbox 117 3052 155 3107; x_wconf 89' lang='lat' dir='ltr'>P.</span> <span class='ocrx_word' id='word_1_277' title='bbox 169 3054 265 3121; x_wconf 88' lang='lat' dir='ltr'>Dicite,</span> <span class='ocrx_word' id='word_1_278' title='bbox 280 3054 502 3123; x_wconf 88' lang='lat' dir='ltr'>qnandoquidem</span> <span class='ocrx_word' id='word_1_279' title='bbox 514 3054 542 3106; x_wconf 92' lang='lat' dir='ltr'>in</span> <span class='ocrx_word' id='word_1_280' title='bbox 554 3053 629 3108; x_wconf 89' lang='lat' dir='ltr'>molli</span> <span class='ocrx_word' id='word_1_281' title='bbox 642 3054 813 3108; x_wconf 90' lang='lat' dir='ltr'>consedimus</span> <span class='ocrx_word' id='word_1_282' title='bbox 826 3052 919 3107; x_wconf 83' lang='lat' dir='ltr'>herba</span> <span class='ocrx_word' id='word_1_283' title='bbox 948 3065 975 3102; x_wconf 73' lang='lat' dir='ltr'>aa</span> <span class='ocrx_word' id='word_1_284' title='bbox 1027 3089 1030 3094; x_wconf 87' lang='lat'>.</span> 
     </span>
     <span class='ocr_line' id='line_1_40' title="bbox 118 3125 886 3200; baseline 0.003 -19"><span class='ocrx_word' id='word_1_285' title='bbox 118 3125 154 3182; x_wconf 79' lang='lat' dir='ltr'>ut</span> <span class='ocrx_word' id='word_1_286' title='bbox 172 3147 242 3183; x_wconf 91' lang='lat' dir='ltr'>nunc</span> <span class='ocrx_word' id='word_1_287' title='bbox 260 3132 346 3184; x_wconf 90' lang='lat' dir='ltr'>omnis</span> <span class='ocrx_word' id='word_1_288' title='bbox 364 3148 437 3200; x_wconf 84' lang='lat' dir='ltr'>ager,</span> <span class='ocrx_word' id='word_1_289' title='bbox 456 3147 527 3184; x_wconf 90' lang='lat' dir='ltr'>nunc</span> <span class='ocrx_word' id='word_1_290' title='bbox 545 3131 631 3184; x_wconf 89' lang='lat' dir='ltr'>omnis</span> <span class='ocrx_word' id='word_1_291' title='bbox 649 3132 768 3200; x_wconf 89' lang='lat' dir='ltr'>parturit</span> <span class='ocrx_word' id='word_1_292' title='bbox 785 3131 886 3196; x_wconf 81' lang='lat' dir='ltr'>arb0s3</span> 
     </span>
     <span class='ocr_line' id='line_1_41' title="bbox 117 3202 882 3274; baseline 0.003 -14"><span class='ocrx_word' id='word_1_293' title='bbox 117 3202 196 3261; x_wconf 89' lang='lat' dir='ltr'>Nunc</span> <span class='ocrx_word' id='word_1_294' title='bbox 212 3207 340 3262; x_wconf 88' lang='lat' dir='ltr'>frondent</span> <span class='ocrx_word' id='word_1_295' title='bbox 357 3207 459 3274; x_wconf 82' lang='lat' dir='ltr'>silvao;</span> <span class='ocrx_word' id='word_1_296' title='bbox 475 3223 547 3265; x_wconf 86' lang='lat' dir='ltr'>nune</span> <span class='ocrx_word' id='word_1_297' title='bbox 564 3208 772 3265; x_wconf 77' lang='lat' dir='ltr'>formosissimus</span> <span class='ocrx_word' id='word_1_298' title='bbox 790 3221 882 3263; x_wconf 82' lang='lat' dir='ltr'>annua</span> 
     </span>
    </p>
   </div>
   <div class='ocr_carea' id='block_1_3' title="bbox 0 0 1082 3518">
    <p class='ocr_par' dir='ltr' id='par_1_21' title="bbox 0 0 1082 3518">
     <span class='ocr_line' id='line_1_42' title="bbox 0 0 1082 3518; baseline 0 1"><span class='ocrx_word' id='word_1_299' title='bbox 0 0 1082 3518; x_wconf 95' lang='lat' dir='ltr'> </span> 
     </span>
    </p>
   </div>
  </div>
 </body>
</html>
