2172 3506
369 153 556 204 AENEIDOS
572 157 640 206 LIB.
660 159 709 207 IX.
907 167 954 214 263

102 239 135 292 It
153 240 256 293 clamer
273 239 341 294 totis
359 226 411 310 per
426 244 629 312 propugnacula
646 245 747 312 muris;

102 315 262 370 Intendunt
279 318 350 370 acris
368 333 454 385 arcus,
470 324 635 389 amentaque
653 325 791 391 torquent.
918 341 955 380 ms

103 391 249 445 Sternitur
266 409 345 446 omne
364 394 450 448 solum
469 396 545 460 telis3
567 400 627 449 tuni
646 404 724 452 scuta
741 415 878 469 cavaeque

102 467 182 521 Dant
200 469 318 522 sonitum
336 469 412 524 flictu
429 471 538 538 galeae3
558 490 650 541 pugna
667 491 764 543 aspera
782 477 884 544 surgit:

103 543 231 608 Quantus
249 543 284 598 ab
302 559 398 599 occasu
416 546 526 600 veniens
544 548 707 616 pluvialibus
727 551 833 604 Haedis

103 618 245 674 Verberat
261 619 350 675 imber
367 620 496 688 humum;
520 641 601 692 quam
618 625 704 679 multa
717 627 851 693 grandine
867 628 951 682 nimbi

104 694 139 747 ln
152 695 224 748 vada
234 697 422 765 praecipitant,
435 715 497 752 cum
511 699 637 768 Iuppiter
648 699 776 754 horridus
788 703 888 756 austris
917 719 953 757 ero

104 771 227 839 Torquet
239 789 368 840 aquosam
380 773 497 827 hiemem
515 778 545 828 et
562 776 636 830 caelo
653 793 719 830 cava
733 777 826 831 nubila
841 782 952 847 rumpit.

27 873 31 878 ·
141 847 284 900 Pandarus
302 852 331 901 et
349 849 444 917 Bitias,
464 850 549 904 Idaeo
568 852 702 907 Alcanore
720 855 795 921 creti,

103 923 180 986 Quos
198 924 272 976 Iovis
290 925 387 978 eduxit
403 925 463 979 lueo
481 927 614 981 silvestris
633 928 720 998 Iaera,
787 939 791 948 '

104 999 254 1052 Abietibus
271 1001 383 1054 iuvenes
399 1003 496 1069 patriis
514 1007 544 1056 et
561 1005 698 1058 montibus
716 1022 823 1075 aequos,

104 1075 225 1142 Portam,
244 1093 314 1143 quae
332 1075 409 1131 ducis
427 1077 532 1146 inperio
550 1081 699 1149 commissa,
717 1083 869 1149 recludunt,
915 1099 951 1138 ere

103 1151 181 1205 Preti
200 1153 290 1219 armis,
308 1154 436 1221 ultroque
454 1154 571 1210 invitant
589 1157 730 1211 moenibus
748 1158 863 1214 hostem.

1 1231 2 1248 ³
103 1227 162 1296 Ipsi
179 1227 255 1281 intus
273 1229 372 1282 dextra
389 1246 420 1283 ac
438 1229 514 1284 laeva
531 1248 582 1299 pro
600 1232 723 1285 turribus
740 1235 857 1304 adstant,

1 1335 2 1339 =
104 1305 214 1357 Armati
232 1304 303 1358 ferro
322 1310 351 1359 et
368 1306 458 1360 cristis
475 1309 565 1376 capita
583 1308 638 1361 alta
656 1310 771 1363 corusci:

60 1379 204 1443 -Quales
224 1381 314 1437 aeriae
334 1381 467 1449 liquentia
485 1382 598 1435 flumina
618 1384 726 1451 circum,

102 1456 166 1509 Sive
186 1455 256 1510 Padi
274 1457 349 1525 ripis,
372 1457 497 1512 Athesim
518 1475 567 1511 sen
585 1463 698 1527 propter
716 1475 867 1530 amoenum,
914 1477 951 1515 aso

103 1531 279 1600 Consurgunt
296 1534 419 1600 geminae
437 1551 552 1600 quercus
569 1535 730 1604 intonsaque
747 1537 821 1591 caelo

104 1608 246 1661 Attollunt
265 1609 356 1677 capita
374 1613 403 1662 et
423 1610 531 1662 sublimi
552 1612 654 1665 vertice
673 1615 778 1666 numnt.
797 1639 843 1658 ι-

103 1683 277 1752 Inrumpunt,
297 1685 388 1738 aditus
409 1685 504 1738 Rutuli
523 1691 556 1741 ut
575 1687 668 1741 videre
687 1689 815 1757 patentis.

103 1759 239 1813 Continuo
259 1759 397 1823 Quercens
417 1765 445 1814 et
463 1761 575 1828 pulcher
596 1763 745 1830 Aquicolus
763 1765 846 1817 armis
884 1808 885 1812 ,

104 1834 140 1888 in
158 1852 289 1903 praeceps
310 1836 393 1888 animi
412 1836 525 1889 'imarus
545 1841 573 1890 ct
595 1838 746 1892 Mavortius
766 1839 890 1892 Haemon
913 1855 950 1894 eae

98 1910 267 1978 Agminibus
285 1912 352 1965 totis
371 1916 420 1966 aut
437 1912 509 1966 versi
528 1917 607 1980 terga
627 1914 735 1981 dedere,

102 1989 163 2040 Aut
181 1987 241 2056 ipso
258 1992 354 2056 portam
373 2003 489 2056 posuere
510 1989 538 2041 in
557 1989 650 2042 limine
669 1990 759 2042 vitani

101 2062 171 2116 'l'um
187 2063 274 2131 magis
292 2064 447 2118 increscunt
466 2065 562 2118 animis
587 2065 757 2118 discordibus
775 2065 846 2128 irae;

102 2138 138 2192 nt
156 2138 212 2192 iam
231 2139 338 2194 collecti
357 2139 440 2193 Troes
458 2140 644 2207 glomerantur
665 2139 769 2204 codem,

101 2213 138 2267 ut
158 2215 281 2269 conferre
301 2233 411 2269 manum
430 2219 460 2269 et
478 2232 639 2284 procurrere
657 2215 761 2282 longius
780 2215 890 2270 audent.
913 2231 950 2270 cao

136 2291 250 2346 Ductori
272 2291 370 2358 Turno,
388 2291 496 2345 diversa
515 2292 543 2344 in
562 2294 642 2360 parte
659 2291 761 2345 furenti

100 2367 289 2436 Turbantique
307 2368 387 2436 viros,
408 2368 547 2437 perfertur
567 2367 686 2434 nuntius,
704 2367 811 2422 hostem

101 2443 220 2497 Fervere
236 2445 320 2498 caede
339 2461 415 2512 nova,
435 2449 465 2499 et
482 2448 577 2513 portas
592 2444 725 2514 praebere
743 2447 872 2514 patentis.

100 2520 213 2573 lleserit
231 2520 378 2590 inceptum,
396 2524 481 2589 atque
499 2521 601 2574 inmani
622 2520 743 2574 concitus
760 2521 801 2574 ira

100 2595 268 2649 Dardaniam
286 2597 342 2650 ruit
366 2597 402 2650 ad
428 2600 535 2666 portam
557 2597 713 2663 fratresque
732 2599 870 2664 superbos.
914 2612 950 2651 me

99 2671 137 2725 Et
155 2673 274 2740 primum
295 2673 472 2742 Antiphaten,
492 2673 516 2726 is
536 2673 657 2726 enimse
678 2671 782 2739 primus
804 2673 913 2742 agebat,

99 2745 230 2800 Thebana
251 2748 286 2802 dc
304 2752 392 2803 matre
410 2749 524 2802 nothum
545 2747 709 2816 Sarpedonis
728 2747 785 2815 alti,

99 2823 229 2878 Coniecto
246 2825 345 2878 sternit
362 2825 463 2890 iaculo;
487 2825 560 2877 volat
580 2824 652 2877 Itala
670 2840 768 2878 cornus

101 2900 175 2952 Aera
192 2915 244 2968 per
260 2904 394 2969 tenerum,
412 2899 605 2968 stomachoque
624 2900 706 2953 infixa
725 2901 774 2953 sub
793 2901 879 2955 altum

101 2974 203 3029 Pectus
222 2976 296 3042 abit3
319 2977 414 3038 reddit
433 2991 529 3046 specus
547 2977 600 3030 atri
618 2977 735 3030 volneris
754 2977 854 3028 undam
910 2990 948 3028 roo

98 3050 287 3120 Spumantem,
310 3055 339 3107 ot
357 3054 412 3106 fixo
429 3053 533 3106 ferrum
550 3053 578 3104 in
597 3053 723 3120 pulmone
741 3051 865 3117 tepescit.

100 3125 169 3180 Tum
193 3126 334 3196 Meropem
363 3131 446 3197 atque
467 3128 615 3194 Erymanta
642 3142 732 3191 mann,
761 3128 821 3177 tum
848 3127 949 3180 sternit

171 3203 349 3270 Aphidnum:
750 3219 754 3224 '
