2152 3506
115 111 145 158 76
352 104 379 152 Ρ.
401 105 556 154 VERGILI
574 106 740 158 MARONIS

116 191 197 256 Aque
216 185 291 240 Chae
310 185 408 239 denses
429 186 518 239 divom
537 188 700 243 numerabat
718 205 831 245 emeres.

116 263 242 316 Carmine
260 279 313 330 quo
332 267 427 329 captae
446 262 510 315 dum
529 263 597 316 fusis
615 265 707 318 mollia
725 283 811 334 pense

116 339 275 403 Devolvunt,
294 339 394 391 iterum
413 343 550 394 maternas
567 340 669 408 inpulit
687 343 762 396 auris

116 415 217 469 Luctus
237 414 366 480 Aristaei,
384 415 532 484 uitreisque
551 417 682 472 sedilibus
700 435 793 471 omnes
950 435 988 477 ate

115 492 293 560 Obstipuere;
315 490 363 544 sed
383 495 446 545 ante
465 493 531 546 alias
553 494 691 547 Arethusa
711 511 818 548 sereres

115 569 285 637 Prospiciens
304 584 409 622 summa
426 568 525 622 flavum
544 574 627 638 caput
646 571 745 623 extulit
763 571 846 638 unda,

114 645 150 699 Iit
168 645 273 715 procul:
295 645 318 698 Ο
336 646 441 712 gemitu
460 663 513 698 nen
531 645 635 699 frustra
654 648 786 700 exterrita
805 651 894 714 tante,

115 723 219 790 Cyrene
237 739 320 788 soror,
339 721 398 789 ipse
415 720 473 788 tibi,
492 725 540 775 tna
558 739 685 776 maxuma
703 739 773 787 eura,

114 800 209 853 Tristis
229 799 371 852 Aristaeus
391 798 475 852 Penei
492 799 625 866 genitoris
644 799 680 851 ad
697 799 798 852 undam
944 819 982 856 32⁵

114 877 175 928 sat
193 875 345 943 lacrimans,
362 879 390 928 et
408 879 437 928 te
455 875 593 928 crudelem
612 876 721 928 nemine
741 875 815 928 dicit.

115 953 185 1005 lluic
203 969 332 1020 percussa
350 968 419 1003 nova
437 954 558 1004 mentem
576 951 721 1004 formidine
739 955 837 1018 mater,

114 1029 180 1097 Duc,
199 1045 256 1096 age,
276 1029 329 1080 due
348 1028 383 1080 ad
402 1045 465 1091 nes;
484 1027 525 1080 les
543 1027 582 1080 illi
602 1027 696 1080 limina
715 1026 806 1080 divom

113 1105 242 1174 Tangere,
262 1107 306 1159 uit.
344 1105 429 1157 Simul
448 1104 504 1157 alta
521 1104 599 1158 iubet
618 1103 761 1157 discedere
779 1104 835 1158 late

113 1181 317 1251 Fluminaque
335 1181 438 1233 iuvenis
457 1180 705 1247 gressus'inferret.
747 1180 880 1234 Atilium
937 1199 977 1236 see

112 1257 230 1313 Curvata
246 1262 275 1311 in
293 1257 394 1310 mentis
411 1256 508 1309 faciem
528 1256 709 1309 circumstetit
726 1256 799 1309 unda

113 1337 283 1405 decepitque
302 1336 361 1388 sinu
379 1338 456 1386 vaste
474 1334 604 1401 misitque
624 1334 674 1386 sub
692 1350 809 1386 amnem.

112 1412 226 1480 lamque
245 1413 354 1464 demum
373 1411 474 1462 mirans
492 1410 638 1477 genetricis
656 1413 685 1462 et
702 1408 813 1463 humida
831 1426 922 1477 regna

111 1486 305 1555 Speluncisque
323 1488 396 1540 lacus
415 1486 518 1540 clausos
535 1486 664 1554 lucesque
683 1486 804 1538 sonantis

112 1563 182 1630 Ibat,
200 1568 229 1616 et
246 1564 351 1630 ingenti
369 1566 445 1615 metu
464 1562 632 1631 stupefactus
651 1579 785 1630 aquarum
934 1579 973 1617 sus

111 1639 209 1692 Omnia
227 1639 277 1693 sub
296 1657 394 1707 magna
411 1639 532 1693 labentia
550 1638 662 1691 flumina
680 1642 755 1691 terra

111 1716 257 1784 Spectabat
276 1715 384 1768 diversa
402 1717 474 1783 locis,
494 1715 665 1782 Phasimque,
685 1715 849 1782 Lycumque,

111 1793 147 1844 Et
165 1797 253 1861 eaput,
271 1793 345 1846 unde
364 1793 435 1845 altus
453 1793 571 1860 primum
591 1810 619 1844 se
638 1792 756 1859 erumpit
775 1790 904 1858 Enipeus,

110 1869 192 1922 Unde
210 1874 289 1938 pater
308 1869 458 1935 Tiberinus,
478 1872 506 1921 ct
524 1869 598 1922 unde
618 1869 725 1920 Aniena
742 1867 853 1934 fluenta,

110 1946 282 2014 Saxosusqne
301 1962 397 1998 sonans
417 1945 546 2014 Hypanis,
566 1946 714 2014 Mysusque
734 1943 838 2009 Caicus,
933 1962 973 2000 370

109 2023 146 2076 Et
164 2025 270 2090 gemina
289 2026 399 2076 auratus
417 2022 525 2074 taurino
543 2038 643 2075 cornua
661 2022 736 2074 voltu

110 2100 250 2166 Eridanus,
270 2117 324 2168 que
342 2116 395 2151 non
413 2099 481 2151 alius
498 2115 548 2166 per
565 2098 678 2166 pinguia
696 2097 769 2152 culta

110 2177 143 2228 ln
160 2194 234 2229 mare
252 2192 419 2245 purpureum
438 2175 582 2228 violentior
601 2175 687 2227 effluit
705 2174 797 2227 amnis.

110 2253 256 2321 Pestqwm
275 2255 318 2305 est
335 2253 363 2304 in
380 2251 493 2304 thalami
512 2251 784 2323 pendentiapumice
802 2252 879 2302 tecta

109 2327 282 2396 Perventum,
301 2332 330 2382 et
347 2329 406 2380 nati
424 2328 504 2381 fletus
523 2328 649 2395 cognovit
668 2329 754 2380 inanis
930 2341 971 2381 ³75

109 2405 220 2472 Cyrene,
239 2405 362 2458 manibus
380 2404 498 2474 liquidos
518 2405 586 2458 dant
604 2404 699 2457 urdine
717 2404 799 2456 fontis

109 2482 266 2547 Germanae,
284 2483 423 2550 tensisque
440 2482 533 2534 serrant
552 2481 681 2534 mantelia
702 2479 787 2544 villis;

103 2557 176 2609 'Pars
194 2559 280 2626 epulis
299 2563 411 2612 onerant
431 2575 544 2626 mensae,
564 2561 593 2612 et
610 2558 691 2626 plena
709 2558 845 2624 reponunt

109 2633 221 2697 l’ocula;
242 2635 390 2688 Panchaeis
409 2635 568 2688 adolescunt
586 2633 696 2702 ignibus
714 2649 792 2695 arec;

108 2709 145 2762 Ilt
162 2714 257 2776 mater,
277 2711 350 2778 Cape
369 2712 486 2764 Maeonii
505 2710 642 2765 carchesia
661 2708 776 2762 Bacchi:
926 2722 969 2760 sse

108 2787 215 2840 Oceano
233 2785 355 2855 libemus,
373 2789 418 2841 ait.
455 2789 541 2842 Simul
560 2788 620 2855 ipsa
637 2789 766 2855 precatur

108 2861 299 2931 Oceanumque
317 2867 423 2930 patrem
441 2879 532 2916 rerum
551 2862 746 2930 Nymphasque
767 2876 882 2928 sereres,

108 2938 225 2991 Centum
243 2955 313 3006 quae
332 2939 419 3002 silvas,
439 2941 548 2990 centum
567 2953 636 3003 quae
655 2936 766 2988 flumina
784 2937 902 2988 servant

109 3011 161 3061 Ter
178 3013 280 3079 liquide
299 3013 439 3064 ardentem
458 3012 580 3078 perfudit
599 3015 708 3063 nectare
727 3011 849 3071 Vestam,

109 3085 162 3134 Ter
178 3085 286 3136 {lanima
304 3087 339 3138 ad
357 3102 491 3137 summum
509 3086 578 3137 teeti
596 3085 718 3137 subiecta
736 3085 845 3138 reluxit.
905 3105 910 3112 ·
929 3099 968 3142 885

110 3156 206 3208 Omine
224 3173 278 3222 quo
295 3160 406 3210 fimrans
424 3159 542 3209 animum
561 3158 599 3209 sic
617 3158 711 3225 incipit
729 3159 802 3225 ipsa:
