2152 3506
113 118 143 164 80
347 114 375 164 P.
395 114 549 162 VERGILI
567 111 734 162 MARONIS

114 195 173 258 Quo
191 193 259 247 fletu
277 193 373 259 Manis,
392 210 446 262 qua
465 193 584 246 Numina
602 208 666 246 roee
684 194 824 246 moverctl
953 207 995 248 eur

114 269 166 324 llla
185 267 297 338 quidem
316 269 411 338 Stygia
430 270 514 324 nabat
533 269 587 322 iam
606 268 707 336 frigida
724 267 828 336 cymba.

114 347 225 416 Septem
243 345 320 398 illum
338 350 412 400 totos
431 345 576 414 perhibent
595 361 629 400 ex
649 344 744 398 ordine
762 361 875 399 menses

115 423 193 491 Rupe
211 421 261 476 sub
280 423 354 475 aeria
374 421 478 475 deserti
497 421 534 474 ad
552 421 705 488 Strymonis
723 422 823 474 undam

115 500 241 567 Elerisse,
259 503 289 554 et
306 498 406 567 gelidis
425 499 492 552 haec
511 497 643 552 evolvisse
663 497 713 551 sub
732 497 825 564 antris,

114 576 279 630 Mulcentem
298 575 378 641 tigris
397 579 426 628 et
444 578 571 642 agentem
590 574 709 628 carmine
728 590 861 642 querens;
952 589 994 629 ero

101 670 105 723 j
114 652 205 718 Qualis
223 652 340 721 populea
358 669 482 705 nraerens
500 650 648 720 philomela
665 648 717 704 sub
735 649 832 724 umbra

94 776 97 803 Ι,
115 729 237 781 Amissus
256 728 381 796 queritur
399 728 480 795 fetus,
500 743 567 796 quos
587 725 671 780 durus
689 731 780 779 arator

92 820 94 831 ’
114 803 268 858 Observans
286 803 350 856 nido
369 803 497 872 inplumis
516 802 653 865 detraxit;
670 806 699 856 at
717 802 763 855 illa

89 868 92 885 ¹
115 879 176 934 Flet
194 883 309 948 noctem,
328 897 458 948 ramoque
477 878 576 932 sedens
595 877 750 933 miserabile
767 895 880 932 carmen

115 955 247 1022 Integrat,
265 959 294 1008 et
312 957 424 1010 maestis
442 955 499 1009 late
516 954 575 1008 loca
593 954 736 1024 questibus
754 954 849 1022 inplet.
949 973 991 1012 515

80 1039 82 1046 '
113 1031 195 1086 Nulla
214 1031 316 1100 Venus,
334 1049 386 1085 non
405 1032 453 1084 ulli
471 1032 590 1086 animum
609 1031 711 1084 flexere
729 1030 880 1098 hymenaci.

114 1107 192 1160 Solus
211 1108 404 1175 Hyperboreas
421 1109 521 1176 glacies
540 1108 706 1176 Tanaimque
725 1105 841 1160 nivalem

114 1185 243 1252 Arvaque
264 1183 392 1253 Rhipaeis
412 1201 559 1252 numquam
579 1184 693 1237 viduata
711 1183 814 1252 pruinis

114 1259 270 1325 Lustrabat,
289 1264 397 1328 raptam
418 1261 570 1329 Eurydicen
590 1264 674 1328 atque
693 1260 776 1313 inrita
794 1259 868 1312 Ditis

113 1334 193 1390 Dona
211 1353 344 1405 querens;
363 1340 471 1405 spretae
493 1337 622 1389 Ciconum
642 1353 695 1404 quo
714 1352 826 1388 munere
845 1340 960 1391 matres

114 1412 191 1465 luter
210 1429 288 1466 sacra
307 1412 390 1466 deum
411 1414 591 1481 nocturnique
610 1414 686 1480 orgia
705 1411 803 1465 B'accbi
945 1431 984 1468 521

114 1488 287 1557 Discerptum
307 1489 377 1542 latos
396 1490 528 1542 iuvenem
541 1505 666 1558 sparsere
684 1505 734 1558 per
753 1505 841 1556 agros.

114 1564 183 1618 'l'um
202 1582 309 1633 quoque
329 1581 481 1618 marmorea
501 1569 583 1634 eaput
601 1582 618 1618 a
636 1565 740 1618 cervice
760 1564 897 1617 revolsum

114 1639 230 1707 Gurgite
249 1657 309 1693 eum
328 1640 419 1693 medio
437 1646 550 1710 portans
570 1641 703 1708 Oeagrius
723 1639 834 1693 Hebrus

115 1715 252 1782 Volveret,
273 1716 427 1783 Eurydicen
446 1734 497 1769 vox
516 1717 575 1786 ipsa
594 1721 623 1770 et
642 1716 743 1786 frigida
761 1716 861 1783 lingua,
942 1735 981 1772 um

116 1793 161 1845 Ah
179 1793 305 1846 miseram
327 1794 492 1860 Eurydicen!
513 1795 603 1848 anima
621 1793 744 1861 fugiente
762 1791 893 1858 vocabam

114 1869 266 1938 Eurydicen
285 1873 344 1922 tote
362 1869 520 1923 referebant
538 1870 649 1924 flumine
668 1872 787 1954 ripae«
810 1858 917 1942 'WJL

151 1946 227 1999 Haec
246 1946 369 2011 Proteus,
389 1950 418 2000 et
436 1963 466 1999 se
478 1947 557 2008 iaetu
575 1947 654 2000 dedit
672 1963 776 2014 aequor
794 1946 822 1998 in
842 1945 940 2012 altana,

115 2022 227 2091 Quaque
246 2022 332 2089 dedit,
351 2026 523 2092 spumantem
542 2024 644 2076 undam
664 2023 714 2075 sub
733 2023 834 2075 vertice
852 2022 942 2076 torsit.

114 2099 155 2151 At
173 2115 227 2153 nou
247 2099 367 2167 Gyren03
386 2115 504 2166 namque
523 2099 596 2152 ultro
615 2099 708 2152 adfatu
727 2100 883 2152 timentem:
938 2115 978 2152 aaa

148 2174 229 2242 Nate,
246 2175 312 2229 licet
329 2175 419 2228 tristis
437 2175 527 2227 aninlo
547 2173 685 2244 deponere
704 2192 789 2228 carras.

11 2315 13 2320 Δ
115 2249 192 2303 Haec
210 2252 296 2304 onmis
316 2250 404 2304 morbi
423 2267 533 2316 caussa;
551 2251 613 2304 hinc
632 2250 787 2304 miserabile
806 2250 959 2317 Nymphae,

114 2325 182 2378 Cum
200 2326 301 2394 quibus
319 2326 366 2380 illa
384 2327 481 2380 choros
499 2327 567 2381 lucis
587 2328 710 2396 agitabat
728 2328 754 2380 in
774 2327 843 2394 eltis,

115 2402 236 2455 Exitium
254 2403 354 2456 misere
373 2402 478 2471 apibus.
518 2405 558 2457 'lu
577 2421 689 2457 munera
708 2404 823 2472 supplex

114 2477 214 2546 l'ende,
232 2482 330 2548 petens
349 2496 452 2548 pacem,
471 2483 500 2533 et
519 2480 604 2534 facilis
623 2496 753 2533 venerare
772 2479 913 2546 Napaeus;
936 2495 976 2533 aas

115 2554 240 2624 Namque
259 2556 364 2609 dabunt
384 2557 489 2609 veniam
508 2557 586 2623 votis,
605 2556 713 2625 irasque
732 2554 884 2608 remittent.

115 2630 176 2696 sed,
197 2631 293 2685 modus
312 2633 407 2685 orandi
427 2633 474 2700 qui
495 2632 537 2698 sit,
556 2633 631 2699 prius
649 2632 745 2686 ordine
763 2630 860 2683 dicam.

116 2709 252 2770 Quattuor
271 2709 384 2761 eximios
403 2708 555 2776 praestanti
574 2724 687 2778 corpore
704 2711 806 2774 tauros,

115 2783 166 2847 Qui
186 2783 236 2837 tibi
255 2799 326 2836 nune
344 2783 440 2836 viridis
459 2784 612 2852 depascunt
631 2799 737 2838 summa
755 2781 859 2851 Lycaei,

115 2859 220 2928 Delige,
239 2863 268 2916 et
286 2859 389 2912 intaeta
407 2858 523 2912 totidem
543 2860 648 2914 cervice
666 2859 801 2912 iuvencas,
934 2872 970 2912 ssu

115 2935 251 2996 Quattuor
268 2934 311 2986 his
329 2951 390 2986 aras
409 2934 465 2986 alta
483 2935 518 2986 ad
537 2934 653 2986 delubra
671 2935 785 2987 dearum

115 3009 265 3076 Constitue,
284 3014 313 3062 et
331 3025 437 3061 sacrum
456 3009 555 3074 iugulis
574 3009 689 3062 demitte
707 3026 840 3073 eruorem,

116 3082 291 3152 Corporaque
308 3085 367 3152 ipsa
385 3083 467 3136 boum
486 3083 614 3136 frondoso
633 3084 728 3136 desere
747 3084 814 3137 luco.

117 3156 190 3223 Post,
207 3159 253 3210 ubi
270 3174 341 3210 nona
359 3175 420 3210 sues
441 3161 548 3213 Aurora
565 3158 716 3211 ostenderit
734 3163 818 3224 ortus,
