2174 3502
141 158 187 205 212
368 157 398 206 P.
419 155 573 206 VERGILI
590 156 757 206 MARONIS

140 243 189 296 Dis
207 241 301 298 sedem
319 245 445 312 exiguam
462 243 560 312 patriis
577 244 698 314 litusque
714 261 841 313 rogamus

140 318 288 373 Innocuum
301 323 331 374 et
343 321 446 374 cunetis
458 319 613 388 undamque
624 337 773 390 auramque
785 324 938 389 patentem.
955 337 992 377 mo

139 393 164 446 N
166 385 320 448 on'ciiinus
338 411 423 462 regno
440 394 588 462 indecores,
607 413 657 450 nec
674 400 767 450 vestra
784 398 890 452 feretur

139 470 224 552 Q
239 471 313 537 levis,
331 472 434 524 tantive
452 471 589 524 abolescet
606 472 695 539 gratia
711 472 783 538 facti,

138 546 196 601 Nec
215 545 322 600 Troiam
342 537 477 599 Ausdirios
495 547 599 613 gremio
618 548 756 615 excepisse
774 548 887 632 pag-alut

138 621 207 674 Fata
225 637 274 689 per
294 625 407 692 demae
424 622 484 675 iuro
503 609 684 691 defframque
702 626 851 691 potentem,

137 697 199 751 Sive
217 697 272 751 fide
289 714 336 750 seu
355 698 416 765 quis
434 697 505 750 bello
523 685 713 765 esfexpertus
731 703 760 752 et
776 699 872 752 armis:
954 714 991 755 aas

138 773 219 826 Multi
237 789 286 826 nos
303 773 402 842 populi,
420 773 591 826 multae-ne
609 776 707 837 temne,
725 774 799 842 quod
816 767 891 863 Q

137 847 320 902 Praeferimus
337 848 463 902 manibus
480 848 564 929 vittas
581 864 613 902 ac
628 833 715 902 Verba
732 853 907 934 precanty-

137 923 173 978 st
190 925 296 992 petiere
314 925 366 978 sibi
384 929 413 977 et
431 923 540 976 volucre
559 923 708 992 adiungere
725 928 837 992 gentcs;

136 1001 191 1053 Sed
209 1017 257 1052 nos
275 1001 331 1054 fata
349 1001 431 1053 deum
450 1003 555 1053 vestras
572 1001 716 1075 erumpere
734 1004 822 1054 terras

136 1077 252 1145 Inperiis
270 1093 351 1143 cgere
369 1076 430 1130 suis.
469 1076 542 1130 llinc
560 1075 705 1130 Dardanus
722 1080 812 1141 ortus;
950 1092 990 1134 alo

137 1153 198 1205 Huc
215 1153 317 1221 repetit
335 1153 471 1220 iussIsque
488 1137 644 1218 Ingentibus
661 1170 680 1205 u
710 1152 716 1162 '
747 1155 760 1205 t
778 1152 879 1221 Apollo

135 1228 301 1297 Tyrrhenum
319 1229 355 1280 ad
373 1229 502 1296 Thybrim
520 1233 549 1280 et
567 1227 650 1282 fontis
667 1169 831 1282 vffsaera
848 1228 965 1284 Numici.

135 1305 191 1358 Dat
209 1304 259 1357 tibi
279 1308 422 1372 practerea
441 1304 579 1358 Fortunae
598 1321 682 1372 parva
699 1304 798 1371 prioris

134 1381 258 1448 Munera,
276 1381 403 1447 reliquias
422 1380 502 1433 Troia
519 1397 553 1432 ex
572 1380 686 1433 ardente
704 1384 833 1448 receptas

135 1458 195 1510 Hoc
213 1461 292 1525 pater
311 1456 445 1509 Anchises
463 1473 529 1509 auro
547 1453 651 1509 libabat
669 1455 705 1508 ad
722 1471 798 1520 aras;
948 1471 988 1511 245

135 1533 196 1585 lloe
215 1532 314 1585 Priami
331 1535 473 1598 gestamen
491 1535 559 1598 erat,
577 1548 640 1584 cum
658 1532 718 1584 iura
734 1531 837 1585 voeatis

134 1607 211 1660 More
229 1607 308 1659 daret
326 1591 441 1674 popula,
460 1609 652 1674 sceptrumque
670 1622 800 1674 sace1·que
818 1605 903 1659 tiaras

134 1682 306 1751 Iliadumque
323 1682 401 1735 labor
418 1686 515 1736 vestes.
856 1678 886 1698 “

167 1741 276 1811 'ffiibus
296 1757 393 1811 Ilionei
412 1758 493 1812 dictis
511 1759 603 1812 defixa
621 1759 735 1812 Latinus

133 1833 241 1888 Obtutu
251 1831 338 1908 'tenet
355 1827 411 1902 dia,
429 1833 542 1903 soloque
560 1833 696 1887 inmobilis
713 1834 817 1910 haeret,
945 1849 986 1888 aso

134 1910 260 1968 Intentos
279 1909 388 1962 volvens
407 1902 504 1963 oculo's.
543 1909 600 1963 Nec
618 1915 739 1978 purpura
756 1926 851 1976 regem

133 1986 209 2060 Picta
226 1990 324 2051 movet,
343 2002 392 2040 uec
411 1989 519 2054 sceptra
537 1979 647 2038 movent
665 1984 801 2038 Piiarneia
818 1983 934 2055 tantum,

133 2054 269 2126 Quantum
288 2061 315 2114 in
335 2061 467 2114 connubio
480 2065 566 2114 natae
584 2053 758 2136 thalamoque
776 2065 913 2126 moratum

132 2138 168 2192 llt
185 2140 286 2191 veteris
305 2137 392 2191 Faisni
409 2137 494 2190 'volvit
512 2137 562 2189 sub
580 2141 690 2203 pectore
709 2139 825 2190 sortem:
859 2149 862 2158 ·

132 2215 213 2268 Hunc
224 2215 307 2266 illum
325 2214 388 2266 fatis
406 2217 520 2288 externa
538 2212 572 2265 ab
592 2210 657 2266 sed'e
675 2204 826 2280 profectum
942 2227 982 2266 aas

132 2290 263 2361 Portendi
274 2293 418 2356 genereus,
435 2287 604 2357 paribusque
620 2289 649 2344 in
666 2304 751 2355 regna
768 2288 857 2341 vocari

131 2366 281 2435 Auspiciis3
300 2357 363 2417 hiric
380 2365 537 2432 progeniem
555 2365 657 2418 virtute
674 2363 793 2417 futuram

131 2443 282 2510 Egregium,
301 2443 437 2494 ettotam
456 2457 527 2510 quae
544 2440 647 2493 viribus
666 2441 779 2508 occupet
796 2436 897 2494 orbem

130 2518 356 2572 Tandemlaetus
374 2517 425 2572 ait:
448 2517 484 2570 Di
501 2517 595 2570 nostia
612 2517 720 2584 incepta
738 2516 887 2568 secundent

131 2596 338 2663 Auguriumque
350 2597 442 2647 suum!
460 2593 585 2659 Dabitur,
598 2593 721 2659 Troiane,
734 2579 904 2660 quod'd'p'tas.
939 2605 980 2646 aaa

130 2670 245 2723 Munera
262 2688 312 2724 nec
330 2686 435 2738 sperno.
471 2669 496 2722 N
499 2686 534 2722 on
551 2669 634 2733 vobis,
651 2665 716 2735 rdge
735 2667 840 2733 Latipo,

130 2745 227 2799 Divitis
245 2746 313 2798 uber
331 2747 389 2813 agri
408 2743 538 2798 Troiaeve
556 2744 695 2813 opulentia
712 2742 807 2796 deerit.
851 2785 854 2792 .
900 2775 902 2780 ·

131 2806 204 2889 lpse
211 2809 428 2894 medb‘AencaS,
447 2821 533 2874 nostri
552 2821 575 2873 si
593 2823 671 2873 tanta
688 2818 786 2887 cupido
803 2819 853 2886 est,

129 2896 158 2949 Si
173 2897 249 2964 iungi
266 2896 383 2963 hospitio
402 2901 531 2964 properat
550 2897 691 2964 sociusque
709 2890 805 2960 voelri,

128 2972 274 3039 Adreniat,
292 2972 381 3025 voltus
399 2988 467 3024 neve
486 2972 658 3024 exhorrescat
676 2972 787 3024 amicos!
937 2983 977 3026 ne

128 3043 195 3097 Pars
213 3046 278 3098 mlhi
296 3047 369 3114 pacis
387 3046 440 3099 erit
459 3045 585 3098 dextram
604 3047 729 3113 tetigisse
748 3044 864 3114 tyranni.
897 3048 924 3132 χ

127 3115 184 3170 Vos
200 3124 296 3173 contra
312 3121 371 3186 regi
389 3137 450 3173 mea
466 3137 538 3172 nunc
555 3121 685 3173 mandata
703 3122 811 3174 rcscrte.

126 3187 176 3240 Est
194 3193 259 3244 mihi
277 3197 348 3260 nata,
366 3195 424 3246 viro
441 3195 531 3260 gentis
549 3210 632 3261 quarn
652 3197 765 3262 iungere
783 3203 895 3252 nostrae
