2172 3506
99 139 147 190 272
327 135 355 182 Ρ.
375 133 529 182 VERGILI
547 131 714 180 MARONIS

98 215 225 284 Namque
243 215 338 268 ferunt
357 213 435 267 luctu
456 211 576 281 Cycnum
596 208 776 266 Phaethontis
794 208 888 272 amati,

99 291 233 360 Populeas
253 291 328 344 inter
345 288 458 342 frondes
478 286 658 354 umbramque
680 302 801 339 sororum
915 301 955 340 roo

98 366 171 421 Dum
191 365 266 420 canit
282 370 312 419 ct
331 371 467 419 maestum
487 364 568 418 Musa
587 362 691 416 solatur
710 377 837 428 amorem,

98 443 249 498 Canentem
267 442 341 498 molli
359 442 453 511 pluma
469 440 580 494 duxisse
598 442 742 501 senectam,

33 545 36 552 ’
98 519 282 588 linquentem
301 522 390 572 terras
409 521 439 571 et
458 517 550 570 sidera
568 532 634 568 voce
656 517 821 581 sequentem.

99 593 192 662 lilius,
212 595 333 664 aequalis
354 593 501 647 comitatus
523 592 609 646 classe
631 594 762 656 catervas,

99 671 245 738 Ingentem
266 672 348 724 remis
370 669 537 724 Centaumm
556 671 711 734 promovet:
736 666 781 720 ille
918 664 956 702 ¹⁹⁵

100 746 190 800 Instat
210 765 299 816 aquae
317 762 469 814 saxumque
487 744 570 797 undis
588 743 697 796 inmane
716 742 837 795 minatur

100 823 219 890 Arduus,
239 827 268 876 et
287 823 367 890 longa
385 822 473 875 sulcat
493 820 579 872 maria
598 819 654 872 ulta
676 818 774 872 carina

134 899 185 952 Ille
205 899 288 952 etium
306 898 405 967 patriis
424 912 521 964 agmen
541 895 595 948 ciet
616 894 707 947 Ocnus
726 893 762 947 ab
784 895 846 963 oris,

100 973 239 1028 Natidicae
260 975 373 1028 Mantus
392 977 421 1026 et
433 973 512 1026 Tusci
534 971 606 1024 tilius
626 970 722 1037 amnis,

100 1049 152 1113 Qui
171 1067 262 1104 muros
282 1050 434 1116 matrisque
454 1048 534 1108 dedit
553 1045 613 1113 tibi,
634 1046 756 1110 Mantua,
776 1061 884 1112 nomen,
913 1060 954 1099 auo

100 1126 221 1192 Mantua,
240 1125 317 1179 dives
338 1125 413 1189 avia;
438 1124 488 1177 sed
508 1139 562 1176 non
581 1138 668 1189 geum
687 1121 811 1175 omnibus
829 1137 930 1174 unum:

100 1203 172 1255 Gens
190 1202 229 1255 illi
248 1201 357 1270 triplex,
376 1201 469 1268 populi
488 1199 540 1252 sub
558 1202 641 1266 gente
661 1197 787 1264 quaterni
797 1218 803 1262 ;

102 1279 164 1346 lpsa
184 1281 266 1347 eaput
283 1277 407 1346 populis;
432 1277 518 1328 Tusco
539 1273 574 1327 de
596 1273 727 1340 sanguine
745 1274 823 1328 vires.

102 1354 172 1407 llinc
190 1370 299 1422 quoque
318 1353 482 1421 quingentos
500 1349 528 1402 in
548 1365 578 1402 se
597 1348 751 1402 Mezentius
770 1352 869 1416 armat,

100 1430 173 1492 Quos
193 1433 272 1498 patre
293 1430 401 1483 Benaco
421 1427 529 1480 velatus
546 1424 680 1478 camnine
700 1425 795 1492 glauca
912 1439 953 1478 roe

99 1505 215 1558 Mincius
231 1505 332 1558 infesta
350 1503 468 1557 ducebat
486 1502 514 1555 in
534 1517 653 1569 aequora
674 1500 746 1567 pinu.

100 1582 128 1634 lt
145 1581 235 1648 grauis
257 1580 392 1644 Aulestes,
415 1582 585 1645 centenaque
605 1576 703 1630 arbore
724 1575 836 1632 fluctum

100 1655 235 1710 Verberat
255 1656 420 1722 adsurgens;
445 1657 573 1722 spumant
591 1652 663 1706 rada
681 1669 816 1706 marmore
837 1669 923 1706 verso.

101 1731 181 1785 Hune
200 1731 276 1784 vehit
291 1730 406 1784 inmanis
426 1731 522 1783 Triton
540 1732 570 1782 et
587 1729 696 1782 caerula
710 1729 811 1782 concha

100 1808 247 1861 llxterrens
264 1806 350 1872 freta;
374 1806 417 1860 cui
437 1806 554 1858 laterum
573 1808 654 1858 tenus
673 1804 781 1872 hispida
799 1810 876 1859 nanti
912 1821 953 1859 210
1053 1810 1060 1822 ‘

101 1885 187 1937 Frons
205 1883 343 1936 hominem
363 1883 492 1950 praefert,
512 1882 541 1934 in
559 1881 667 1949 pristim
687 1881 788 1934 desinit
809 1881 903 1946 almis3

99 1960 216 2028 Spumea
235 1959 362 2012 semifero
383 1957 435 2011 sub
455 1961 568 2025 pectore
590 1960 743 2009 murmurat
763 1957 844 2010 unda.

133 2037 186 2090 Tot
205 2036 269 2090 lecti
288 2051 415 2104 proceres
435 2038 480 2087 ter
500 2034 579 2086 denis
599 2033 714 2086 nauibus
732 2033 810 2086 ibant

99 2112 226 2167 Subsidio
247 2112 348 2178 Troiae,
366 2115 395 2165 et
415 2127 525 2178 campos
543 2109 608 2163 salis
626 2125 690 2162 aere
709 2108 844 2163 secabant

134 2188 248 2256 lamque
270 2187 328 2241 dies
347 2187 421 2240 caelo
437 2189 615 2251 concesserat,
635 2185 761 2252 almaque
783 2201 865 2238 curru
912 2201 952 2241 21⁵

100 2264 124 2316 N
127 2264 249 2330 activago
271 2263 380 2316 Phoebe
399 2261 521 2316 medium
540 2261 668 2329 pulsabat
687 2260 846 2330 Olympum:

69 2385 72 2390 .
99 2340 332 2405 Aeneas—neque
351 2339 424 2391 enim
442 2338 573 2391 membris
593 2337 642 2391 dat
661 2353 727 2390 cura
749 2337 907 2405 quietem-

101 2415 164 2483 lpse
185 2414 283 2468 sedens
303 2414 465 2482 clavumque
484 2415 558 2482 regit
578 2414 700 2482 velisque
720 2413 865 2467 ministrat

101 2496 195 2561 Atque
215 2491 255 2544 illi
273 2491 363 2545 medio
383 2490 413 2543 in
431 2492 520 2560 spatio
541 2491 647 2556 chorus,
664 2506 734 2558 ecce,
752 2506 861 2544 suarum

99 2567 225 2622 Occurrit
244 2567 389 2621 comitum:
415 2567 565 2635 Nymphae,
586 2583 654 2634 quas
673 2565 744 2618 alma
764 2563 873 2634 Cybebe
912 2580 953 2622 m

99 2644 123 2696 N
127 2661 208 2697 umen
226 2643 327 2697 habere
348 2644 431 2698 maris
452 2643 647 2710 Nymphasque
667 2659 683 2696 e
703 2641 818 2696 navibus
836 2657 900 2699 esse,

99 2720 229 2784 Iusserat,
249 2719 381 2774 innabant
401 2718 508 2787 pariter
526 2718 679 2786 fluctusque
697 2717 833 2781 secabant,

100 2796 172 2859 Quot
192 2795 268 2862 prius
289 2798 399 2848 aeratae
420 2797 554 2848 steterant
574 2794 610 2847 ad
631 2795 712 2848 litora
730 2809 834 2862 prorae.

101 2870 280 2936 Adgnoscuut
301 2871 381 2937 longe
400 2885 501 2936 regem,
523 2870 695 2939 lustrantque
714 2869 825 2923 choreis

99 2944 219 3006 Quarum
239 2960 309 3010 quae
329 2943 404 2996 fandi
426 2943 585 3002 doctissima
610 2944 784 3012 Cymodocea,
911 2961 951 3002 aas

99 3017 172 3068 Pone
192 3035 308 3085 sequens
329 3020 427 3073 dextra
445 3020 558 3086 puppim
578 3022 663 3086 tenet,
682 3021 797 3088 ipsaque
813 3021 895 3075 dorso

97 3087 212 3153 Eminet,
233 3109 264 3144 ac
283 3093 360 3146 laeva
382 3093 474 3147 tacitis
494 3093 662 3162 subremigat
684 3096 772 3151 undis

98 3159 165 3212 Tum
186 3164 224 3214 sie
242 3164 366 3230 ignarum
388 3167 557 3233 adloquitur:
580 3168 728 3236 vigilasne,
750 3173 832 3226 «laum
853 3189 931 3241 geas.
