2154 3518
101 182 131 227 30
326 177 355 225 P.
377 177 528 225 VERGILI
544 178 710 230 MARONIS

102 259 184 313 Haud
202 259 316 313 obseura
334 257 434 311 cadens
451 257 544 311 mittet
562 258 611 312 tibi
630 260 706 330 signa
725 263 843 317 Bootes:

105 337 202 404 lucipe,
220 341 249 390 et
267 336 303 388 ad
322 334 425 388 medias
444 337 594 388 sementem
613 339 732 393 extende
753 339 868 408 pnrinas.
922 355 964 395 ao

137 412 242 466 Idcirco
260 412 342 466 certis
362 410 514 464 dimensum
533 411 657 478 partibus
675 416 769 469 orbem

104 490 157 544 Per
174 488 300 542 duodena
317 488 388 556 regit
406 487 500 541 mundi
519 487 563 540 Sol
582 505 681 544 aureus
699 497 780 546 astra.

104 567 227 636 Quinque
245 569 342 619 tenent
360 565 464 618 caelum
483 580 582 630 zenae3
603 582 717 634 quarum
737 585 790 621 una
807 585 920 622 corusco

103 644 216 712 Semper
234 642 289 696 sole
306 642 407 694 rubens
426 643 455 694 et
473 641 577 693 torrida
595 658 703 712 semper
721 644 757 698 ab
773 645 844 712 igui;

103 721 189 785 Quam
202 720 300 773 circum
314 721 453 772 extremae
466 716 566 770 dextra
577 719 708 789 laevaque
721 720 875 784 tralruutur,
920 737 962 777 aas

104 795 234 850 Caerulea
251 795 337 863 glaeie
355 797 498 847 concretae
516 797 600 862 atque
618 797 750 850 imbribus
769 797 853 859 atris3

104 873 163 926 Has
180 873 254 925 inter
268 871 444 938 ¹mediamque
463 869 533 923 duae
552 873 713 926 mortalibus
731 874 821 940 aegris

103 948 219 1002 Munere
238 963 380 1000 concessae
399 946 496 1012 divom,
516 950 545 1000 et
563 949 606 1001 via
624 954 699 1003 secta
717 966 767 1017 per·
784 948 884 1011 ambas,

103 1025 307 1093 Obliquusque
326 1041 355 1076 se
374 1024 511 1089 signorum
530 1028 652 1078 verteret
672 1026 745 1078 orde.

104 1101 228 1165 Mundus,
240 1105 271 1153 ut
284 1099 319 1152 ad
332 1100 467 1166 Scythiam
487 1099 676 1169 Rhipaeasque
689 1101 789 1154 arduus
801 1117 876 1154 areos
920 1115 959 1152 aee

104 1178 256 1245 Consurgit,
274 1177 408 1244 premitur
428 1176 528 1243 Libyae
548 1178 667 1231 devexus
685 1180 711 1231 iu
731 1183 846 1231 austres.

104 1255 158 1308 Hic
175 1257 270 1307 vertex
288 1252 365 1305 nobis
384 1269 492 1321 semper
510 1253 645 1319 sublimis3
665 1260 695 1307 at
713 1254 787 1308 illum

104 1331 160 1384 Sub
177 1329 293 1398 pedibus
312 1329 378 1397 Styx
397 1332 458 1382 atra
475 1331 551 1383 ridet
570 1331 719 1399 Manesque
738 1329 872 1398 profundi.

104 1407 248 1460 Maxmuus
264 1407 308 1460 hic
327 1407 399 1459 flexu
418 1406 524 1460 sinuoso
543 1407 660 1460 elabitur
681 1407 786 1474 Anguis

104 1484 211 1537 Circum
229 1501 333 1552 perque
352 1483 420 1537 duas
437 1484 465 1536 in
484 1500 587 1536 morem
605 1485 721 1537 fluminis
740 1485 849 1548 Aretes,
919 1497 956 1535 ass

105 1562 205 1613 Aretes
225 1559 324 1611 Oceani
342 1559 490 1612 metuentis
508 1575 626 1626 aequore
644 1560 738 1627 tingui.

104 1636 171 1704 Illic,
188 1639 220 1688 ut
237 1634 390 1702 perhibent,
408 1638 456 1686 aut
473 1634 639 1701 intempesta
658 1635 719 1689 silet
736 1651 789 1688 nex

104 1713 224 1780 Semper,
243 1715 272 1765 et
290 1710 402 1764 obtenta
421 1711 570 1763 densantur
583 1716 663 1766 necte
678 1713 815 1778 tenebrae,

104 1789 163 1842 Aut
181 1787 254 1841 redit
272 1803 288 1840 a
306 1786 384 1839 nobis
403 1789 512 1839 Aurana
531 1787 658 1856 diemque
677 1788 791 1855 reducit,

103 1866 215 1933 Nosque
233 1865 281 1918 ubi
298 1864 400 1931 primus
419 1863 495 1931 equis
514 1862 610 1917 Oriens
629 1865 740 1918 adflavit
758 1864 868 1929 anhelis,
917 1877 954 1916 rso

105 1941 163 1994 lllie
182 1957 242 1993 sera
260 1940 360 1993 rubens
378 1939 502 1993 accendit
519 1939 620 1993 lumina
638 1940 750 2008 Vesper.

105 2017 175 2070 Hinc
194 2020 372 2085 tempestates
391 2015 472 2069 dubie
490 2016 662 2085 praediscere
680 2017 754 2071 eaelo
952 2081 955 2088 ,

105 2093 258 2159 Possumus,
276 2093 338 2146 hinc
356 2093 505 2162 messisque
523 2092 596 2147 diem
613 2098 775 2162 tempusque
794 2092 910 2155 serendi,
1002 2089 1006 2096 '

104 2169 140 2222 Et
158 2168 267 2238 quando
285 2170 398 2222 infidum
417 2171 499 2224 remis
516 2170 646 2238 inpellere
663 2187 782 2224 manner

104 2245 259 2311 Conveniat,
279 2245 388 2312 quando
406 2249 524 2298 annatas
543 2245 678 2299 deducere
696 2246 795 2309 elassis,
917 2259 952 2297 aas

105 2323 163 2374 hut
181 2320 370 2388 tempestivam
389 2319 462 2372 silvis
480 2322 606 2373 evertere
624 2321 729 2388 pinum:

104 2395 130 2450 N
132 2412 163 2450 ee
179 2397 282 2449 frustra
300 2396 437 2462 signorum
455 2394 544 2446 obitus
563 2395 733 2461 speculamur
750 2404 780 2449 et
797 2403 881 2463 ortus,

105 2471 336 2540 Temporibusque
354 2485 449 2540 parem
467 2469 581 2522 diversis
599 2473 728 2536 quattuor
746 2487 852 2527 annum.

141 2547 267 2615 Frigidus
286 2547 430 2615 agricolam
449 2545 597 2614 siquando
616 2546 736 2599 continet
754 2546 848 2612 imber,

106 2625 199 2686 Multa,
217 2624 307 2676 forent
325 2629 396 2692 quae
413 2639 477 2677 mox
496 2621 569 2674 eaelo
588 2622 760 2689 properanda
778 2637 882 2686 sereno,
918 2638 954 2675 reo

105 2702 244 2754 Maturare
262 2699 357 2754 datur:
379 2699 478 2752 durum
496 2697 625 2768 procudit
642 2701 733 2750 arator

105 2777 230 2830 vomeris
248 2775 356 2829 obtunsi
375 2775 493 2842 dentem,
511 2777 590 2827 caret
608 2774 705 2827 arbore
724 2774 825 2838 lintres,

108 2856 163 2906 hut
181 2852 272 2921 pecori
290 2852 396 2920 signum
415 2857 463 2906 aut
480 2867 607 2905 numeros
626 2852 754 2920 inpressit
771 2851 881 2905 acervis.

106 2931 247 2981 Exacuunt
265 2928 309 2981 alii
326 2929 411 2982 vallos
429 2929 573 2995 furcasque
592 2928 714 2996 bicornis,

106 3005 199 3072 Atque
218 3006 349 3059 Amerina
366 3009 465 3072 parant
483 3004 574 3057 lentae
593 3005 740 3058 retinacula
757 3005 814 3058 riti.
916 3015 952 3055 aaa

104 3079 183 3131 Nunc
200 3079 285 3134 facilis
302 3079 388 3132 rubea
406 3084 517 3134 texatur
535 3081 628 3134 fiscina
645 3081 736 3150 virga3

105 3153 183 3206 Nunc
200 3157 305 3208 torrete
322 3156 378 3221 igni
395 3156 496 3224 fruges,
514 3173 585 3209 nunc
598 3157 717 3225 frangite
735 3172 808 3210 saxo.

105 3227 210 3296 Quippe
229 3231 311 3285 etiam
329 3231 406 3284 festis
424 3232 558 3301 quaedam
577 3248 705 3288 exercere
723 3232 821 3288 diebus
