2154 3518
95 119 125 168 14
320 118 349 165 Ρ.
374 115 528 164 VERGILI
552 111 718 161 MARONIS

91 197 249 252 Perducant
267 197 375 263 aliquae
393 195 501 250 stabula
519 194 554 247 ad
573 194 706 262 Gortynia
723 208 827 247 vaccae
920 208 949 248 ao

90 274 160 328 Tum
177 273 251 328 cauit
270 271 456 340 Hesperidum
474 272 600 324 miratam
618 270 689 324 mala
705 269 839 338 puellam;

90 350 159 403 'lum
179 347 412 402 Phaethontiadas
429 363 522 401 musco
540 346 691 400 circumdat
707 361 817 398 aniame

91 427 215 494 Corticis,
233 428 318 494 atque
335 424 391 478 solo
408 439 536 492 proceras
555 423 637 491 erigit
655 423 737 477 alnos.

90 502 158 555 Tum
176 501 257 570 canit,
275 504 413 555 errantem
432 500 568 553 Permessi
586 499 623 554 ad
640 499 752 553 flumina
770 501 879 554 Gallum

90 579 182 632 Aonas
200 578 229 630 in
247 577 347 630 montis
365 580 397 630 ut
415 577 525 630 duxemt
543 593 597 629 una
615 592 745 645 sororum,
918 592 943 630 oe

88 654 184 723 thue
202 654 259 706 viro
278 653 383 706 Phoebi
402 653 500 706 chorus
517 652 705 706 adsurrexerit
722 657 825 716 omnis;

89 731 129 785 Ut
147 730 231 783 Linus
249 729 315 782 haec
334 729 382 796 ilii,
400 729 492 782 divino
510 729 628 782 carmine
644 731 744 797 pastor,

89 805 213 858 Floribus
231 809 316 876 atque
334 806 396 873 apio
414 805 497 858 crinis
515 807 628 858 ornatus
646 821 744 870 amaro,
779 871 783 878 ι

89 881 212 937 Dixerit:
233 882 293 935 Hos
311 880 361 935 tihi
381 882 447 934 dant
465 881 588 949 calamos,
606 896 640 934 en
659 882 756 949 accipe,
776 884 880 948 Musae,

91 961 208 1012 Ascraeo
226 975 294 1027 quos
313 961 376 1010 ante
395 957 461 1026 seni,
480 957 579 1025 quibus
598 956 645 1010 ille
664 957 768 1010 solebat
915 972 940 1014 to

88 1034 230 1088 Cantando
247 1034 349 1101 rigidas
367 1033 505 1087 deducere
522 1033 660 1086 montibus
678 1049 764 1088 ornos.

88 1110 140 1164 His
158 1109 209 1163 tibi
228 1109 329 1177 Grynei
347 1109 465 1162 nemoris
484 1109 592 1162 dicatur
610 1109 693 1177 origo,

89 1187 129 1239 Ne
148 1186 209 1256 quis
227 1186 262 1238 sit
280 1185 363 1251 lucus,
383 1203 436 1253 quo
455 1203 483 1238 se
502 1186 562 1253 plus
580 1186 664 1238 iactet
683 1188 788 1254 Apollo.

87 1263 158 1326 Quid
177 1263 278 1330 loquar,
297 1265 344 1316 aut
363 1261 477 1328 Scyllam
497 1262 564 1330 Nisi,
583 1279 664 1330 quum
681 1262 754 1314 fama
772 1267 866 1318 secuta
883 1267 926 1320 est

86 1338 209 1392 Candida
228 1339 391 1392 succinctam
411 1338 574 1391 latrantibus
592 1338 703 1406 inguina
721 1341 849 1392 monstris
913 1354 937 1394 15

86 1411 224 1468 Dulichias
242 1431 354 1467 vexasse
373 1417 447 1466 rates
466 1420 493 1466 et
511 1415 620 1481 gurgite
639 1415 667 1466 in
686 1414 741 1466 alto

87 1490 146 1544 Ahi
165 1490 276 1544 timidos
294 1492 391 1542 nautas
409 1490 519 1541 canibus
539 1490 670 1542 lacerasse
688 1491 809 1556 numinis,

87 1570 146 1620 Aut
163 1569 195 1619 ut
212 1569 332 1618 mutatos
351 1565 429 1617 'l'erei
447 1565 599 1617 narraverit
617 1569 701 1632 artus,

86 1643 158 1706 Quas
176 1641 215 1695 illi
233 1641 383 1694 Philomela
401 1641 497 1708 dapes,
516 1657 586 1708 quae
605 1641 676 1694 dona
693 1647 803 1709 pararit,

87 1718 145 1781 Quo
163 1735 244 1770 cursu
262 1717 373 1770 deserta
391 1717 527 1785 petiverit,
547 1721 575 1770 01
594 1717 692 1785 quibus
710 1722 775 1771 ante
913 1738 937 1774 so

87 1794 185 1846 Infelix
203 1810 251 1845 sua
269 1797 343 1846 teoto
361 1793 598 1860 supervolitaverit
616 1793 666 1846 alis
678 1797 687 1848 ’1

86 1869 189 1937 Omnia,
208 1887 285 1936 quae,
306 1868 415 1921 Phoebo
435 1869 572 1936 quondam
591 1869 751 1934 meditante,
770 1873 868 1926 beatus

86 1945 184 1998 Audiit
202 1946 319 1998 Eurotas
337 1944 470 2013 iussitque
488 1943 609 2000 ediscere
628 1946 726 2010 laurus,

85 2021 137 2074 1110
155 2023 244 2074 canit:
261 2021 355 2089 pulsae
373 2023 498 2075 referunt
515 2021 551 2089 ad
570 2024 661 2076 sidera
679 2023 778 2086 vallcs;

85 2098 188 2164 Cogere
207 2096 291 2150 donec
310 2098 366 2151 ovis
385 2098 500 2152 stabulis
518 2116 716 2168 numerumque
734 2095 831 2152 referri
912 2115 935 2154 01

85 2173 170 2226 Iussit
187 2176 216 2225 et
233 2173 318 2225 invito
336 2175 466 2241 processit
484 2175 593 2241 Vesper
611 2175 733 2242 Olympo.

367 2338 554 2394 ECLOGA
576 2340 653 2396 VH.
675 2334 742 2389 ’ἵῖιῖ

400 2441 617 2492 MELIBOEUS.

267 2547 436 2586 uanmonns.
461 2547 600 2586 convoca.
624 2548 750 2589 ruvasls.

85 2626 125 2680 M.
145 2627 240 2681 Forsan
259 2627 309 2680 snb
327 2630 424 2693 arguta
442 2627 604 2682 consederat
622 2627 684 2682 ilice
702 2629 832 2696 Daphnis,

84 2703 332 2770 compulerantque
350 2719 448 2770 greges
467 2703 593 2771 Corydon
612 2707 641 2758 et
659 2705 769 2772 Thyrsis
787 2705 814 2757 in
833 2721 925 2770 unum,

83 2778 193 2846 Thyrsis
211 2778 276 2837 ovis,
297 2778 421 2845 Corydon
441 2779 576 2834 distentas
594 2780 665 2834 lacte
683 2781 807 2850 capellas,

85 2853 174 2906 Ambo
192 2855 319 2907 florentes
338 2855 483 2922 aetatibus,
504 2859 629 2911 Arcades
646 2858 732 2927 ambo,

84 2927 121 2980 Et
138 2933 249 2983 cantare
267 2948 353 2999 pares,
372 2937 401 2985 et
419 2933 586 3001 respondere
603 2936 699 3002 parati.
890 2969 891 2972 =
923 2949 936 2987 s

85 3002 147 3057 Huc
165 3005 237 3071 mihi,
256 3007 322 3060 dum
340 3011 450 3062 teneras
468 3009 586 3063 defendo
602 3027 619 3063 a
637 3012 738 3081 frigore
756 3015 865 3082 myrtos,

85 3074 135 3131 Vir
146 3082 237 3149 gregis
248 3083 307 3150 ipse
320 3101 401 3152 caper
412 3085 601 3152 deerraverat3
619 3092 703 3156 atque
715 3106 765 3157 ego
778 3087 916 3156 Daphnim

88 3156 203 3223 Aspicio.
240 3160 293 3213 1110
310 3161 356 3214 ubi
375 3179 418 3214 me
437 3167 531 3216 contra
548 3165 641 3218 videt:
661 3166 751 3231 Ceius
770 3164 866 3232 inquit,
