2174 3502
20 71 23 76 ’
46 95 93 141 aas
277 91 307 141 P.
328 91 479 140 vnselm
497 89 660 138 nasonis

47 175 206 228 Adventare
225 173 319 238 sirim,
339 177 368 226 et
387 172 473 240 partis
492 175 586 240 petere
604 188 702 238 agmon
720 172 831 226 easdem

48 249 174 303 Partibus
193 267 227 303 ex
245 249 338 312 isdem,
357 253 386 304 et
405 266 510 302 summa
528 248 692 301 dominarier
710 264 778 302 arco.
872 261 897 301 7⁰

47 326 201 394 Praeterea,
219 327 300 380 castis
318 326 411 379 adolet
429 326 494 378 dum
512 325 610 378 altaria
627 311 724 389 taedis,

47 402 86 456 Ut
104 402 181 456 iuxta
197 397 461 470 genitorem'adstat
479 401 593 454 Lavinia
610 401 694 468 virgo,

48 477 121 546 Visa,
139 479 222 545 nefas,
241 479 327 546 longis
346 478 532 546 conprendere
549 477 669 532 crinibus
686 478 785 544 ignem,

48 556 142 622 Atque
160 572 268 608 omnem
286 559 413 608 ornatum
431 554 540 606 flamma
558 553 711 620 crepitante
728 552 851 618 eremari,

48 631 213 700 liegalisque
230 647 342 684 accensa
359 647 456 696 comas,
475 645 589 682 accensa
606 645 739 694 coronam,
875 641 900 681 rs

48 707 187 774 Insignem
205 708 334 774 gemmis,
352 711 410 759 tum
428 704 533 758 fumida
550 705 652 758 lumine
670 705 743 756 fulvo

48 783 160 850 Involvi‚
179 800 209 836 ac
228 784 294 837 totis
314 783 462 836 Volcanum
482 798 611 850 spargere
630 782 717 834 tectis

49 859 83 912 Id
101 876 165 913 vero
183 860 350 913 horrendum
367 867 399 912 ac'
416 858 476 912 visu
494 858 617 911 mirabile
636 859 717 910 ferri:

48 937 173 1004 Namque
191 935 248 988 sore
265 937 408 988 inlustrem
426 935 497 986 fama
515 935 635 1002 fatisque
653 933 788 988 canebant

49 1012 147 1080 Ipsam,
167 1012 215 1064 sed
233 1012 332 1080 populo
349 1027 477 1079 magnum
495 1009 661 1079 portendere
679 1010 787 1078 bellum,
874 1023 900 1062 so

49 1091 90 1141 At
107 1105 157 1141 rex
175 1087 306 1140 sollicitus
324 1087 459 1153 monstris,
479 1086 586 1140 oracula
607 1086 701 1152 Fauni,

50 1163 165 1216 Fatidici
183 1163 322 1230 genitoris,
340 1163 407 1229 adit,
425 1163 554 1230 lucesque
572 1162 623 1215 sub
641 1163 697 1216 alta

50 1239 172 1292 Consulit
192 1238 323 1302 Albunea,
341 1255 481 1292 nemorum
502 1254 571 1305 quac
590 1255 718 1299 maxuma
736 1255 812 1292 sacro

51 1315 137 1367 Fonte
155 1319 240 1381 sonat,
260 1332 421 1383 saevamque
440 1315 550 1367 exhalat
567 1331 651 1382 opaca
669 1316 818 1382 mephitim.

50 1390 123 1443 Hinc
143 1391 230 1444 Italae
247 1395 343 1457 gentes
361 1391 503 1458 omnisque
522 1389 653 1464 Oenotria
672 1391 752 1444 tellus
875 1406 899 1444 ss

50 1466 83 1518 ln
102 1467 191 1520 dubiis
210 1484 338 1535 respousa
354 1472 467 1534 petunt;
485 1467 539 1520 huc
557 1467 628 1520 dona
646 1467 771 1520 sacerdos

50 1543 118 1596 Cum
137 1543 201 1596 tulit
220 1548 248 1597 ct
266 1560 405 1598 caesarum
423 1545 513 1597 ovium
532 1542 582 1596 sub
600 1547 680 1596 nocte
698 1543 788 1596 silenti

52 1619 171 1671 l'ellibus
189 1618 312 1673 incubuit
330 1621 424 1674 stratis
443 1636 605 1687 somnosque
622 1620 728 1687 petivit,

50 1695 140 1747 Multa
157 1694 244 1748 modis
264 1696 407 1749 simulacra
424 1697 501 1748 ridet
519 1694 661 1748 volitantia
679 1696 761 1762 miris,

51 1771 86 1823 m
105 1771 192 1823 varias
211 1772 288 1825 audit
306 1789 392 1839 voees,
410 1773 566 1839 fruiturque
584 1771 697 1824 deorum
876 1775 901 1826 to

51 1847 207 1916 Conloqui0,
226 1852 308 1916 atquc
325 1849 386 1900 imis
406 1849 564 1902 Acheronta
582 1847 692 1900 adfatur
714 1847 836 1901 Aversis.

53 1923 105 1974 llic
123 1929 151 1976 ct
170 1928 228 1976 tum
246 1928 325 1991 pater
341 1925 400 1992 ipsc
418 1929 515 1992 petens
533 1940 662 1991 responsa
682 1923 795 1978 Latinus

52 1999 168 2052 Centum
186 1999 319 2066 lanigeras
338 2000 475 2053 mactabat
493 2001 546 2052 rite
564 1999 692 2066 bidentis,

53 2076 146 2142 Atque
164 2076 260 2128 harum
279 2077 388 2129 effirltus
405 2081 484 2144 tergo
503 2077 652 2143 stratisque
668 2076 776 2129 iacebat

52 2148 219 2205 Velleribus:
239 2152 329 2204 subita
347 2170 380 2204 cx
399 2153 454 2205 alto
472 2169 524 2204 vox
543 2152 655 2204 reddita
673 2153 732 2204 luco
751 2155 807 2205 cst:
879 2164 903 2203 ar

53 2225 177 2294 Nepete
195 2227 334 2280 connubiis
352 2232 442 2282 natam
462 2229 563 2282 sociare
582 2229 693 2293 Latinis,

53 2301 76 2354 Ο
95 2320 156 2356 mea
173 2305 323 2371 progenies,
343 2305 467 2357 thalamis
486 2321 539 2357 neu
556 2303 638 2357 crede
656 2305 773 2372 paratis;

53 2378 167 2432 Externi
186 2380 297 2432 veniunt
315 2381 415 2447 gencri,
434 2381 481 2448 qui
500 2381 629 2448 sanguine
647 2386 771 2434 nostrum

53 2455 159 2514 Nomen
178 2455 205 2507 in
224 2463 298 2508 astra
314 2456 411 2522 ferant,
431 2473 600 2524 quorumque
619 2455 653 2508 ab
672 2457 758 2524 stirpe
776 2460 890 2524 nepotes

53 2529 152 2583 Omnia
170 2531 220 2584 sub
239 2531 361 2598 podibus,
381 2549 435 2599 qua
453 2533 497 2585 Sol
516 2536 663 2600 utrumque
682 2549 824 2584 recurrens
866 2547 902 2586 rm

53 2607 162 2674 Aspicit
180 2607 324 2674 Oceanum,
344 2609 467 2676 vertique
486 2609 598 2675 regique
616 2608 749 2662 videbunt

54 2682 131 2735 Haec
149 2698 279 2749 respousa
297 2686 382 2751 patris
402 2685 486 2736 Fauni
505 2685 678 2752 monitusque
696 2684 787 2737 silenti

53 2757 79 2806 N
81 2761 141 2808 octe
159 2757 238 2808 datos
255 2775 308 2809 uon
327 2760 385 2825 ipsc
404 2776 452 2810 suo
469 2760 569 2826 premit
587 2776 634 2812 ore
653 2759 774 2825 Latmus,

54 2828 109 2878 Sed
126 2831 226 2881 circum
244 2832 299 2884 late
317 2834 433 2886 volitans
450 2835 503 2886 iam
522 2835 607 2888 Fama
624 2852 674 2902 per
691 2835 775 2888 urbes

55 2900 189 2953 Ausonias
207 2904 314 2970 tulerat,
333 2924 393 2959 cum
413 2909 609 2962 Laomedontia
625 2910 713 2978 pubes
867 2923 904 2964 106

55 2967 198 3024 Gramineo
216 2977 291 3041 ripae
309 2981 433 3045 religavit
451 2983 485 3034 ab
503 3000 604 3050 aggere
622 2973 743 3040 claisem.

90 3040 196 3092 Aeneas
214 3050 348 3116 primique
367 3054 450 3107 duces
468 3061 496 3108 et
514 3059 627 3123 pulcher
646 3061 724 3114 Iulus

56 3104 174 3168 Corpora
192 3118 241 3164 suh
259 3126 340 3175 ramis
359 3127 499 3194 deponunt
517 3132 622 3186 arboris
640 3135 721 3201 altae,
