2174 3502
392 123 574 172 AENEIDOS
592 122 661 174 LIB.
682 124 715 172 V.
934 129 979 176 169

122 210 194 263 'lum
211 209 293 276 pater
311 204 428 270 Aeneas,
447 205 555 271 Vestra,
573 205 670 274 inquit,
687 222 800 260 munera
817 206 894 260 vobis

122 286 210 340 Certa
227 284 348 348 manent,
365 280 450 349 puori,
469 285 499 334 et
516 281 634 350 palmam
652 285 744 334 movet
762 283 856 336 ordine
874 298 969 348 nemo,

123 362 171 414 Mo
189 361 274 412 liceat
291 373 369 410 casus
388 356 511 410 miserari
529 357 643 410 insontis
661 356 748 410 amici.
943 371 980 412 eso

122 439 168 490 Sic
186 437 262 488 fatus
280 437 388 500 tergum
407 432 517 486 Gaetuli
534 433 641 486 inmane
659 433 745 486 leonis

122 513 181 566 Dat
200 511 282 576 Salio,
299 509 370 562 villis
388 525 532 562 onerosum
550 511 635 577 atque
652 507 789 576 unguibus
806 511 904 563 aureis.

126 589 180 642 Hic
199 588 292 653 Nisus,
312 585 342 639 Si
359 588 444 650 tanta,
462 583 560 651 inquit,
579 587 642 638 sunt
659 585 782 654 praemia
799 585 886 654 vietis,

124 667 161 718 Et
179 668 211 718 te
228 663 366 731 lapsorum
383 661 503 727 miseret,
522 677 593 728 quae
610 678 722 716 munera
741 661 807 715 Niso

125 742 217 808 Digna
232 738 329 792 dabisl
349 738 464 805 primam
481 737 569 790 merui
587 737 633 806 qui
651 737 732 792 laude
749 755 883 804 coronam,
944 754 981 792 aes

123 817 161 870 Ni
179 834 233 882 me,
252 831 323 883 quae
342 813 452 880 Salium,
470 814 580 868 fortuna
597 813 705 866 inimica
723 814 837 868 tulisset.

124 894 162 946 llt
181 891 261 946 simul
278 890 322 943 his
340 889 421 944 dictis
438 890 535 944 faciem
553 889 711 944 ostentabat
728 894 757 944 et
775 889 830 944 udo

123 969 228 1036 Turpia
245 966 368 1020 membra
386 969 456 1020 limo.
494 965 567 1018 lun
584 969 662 1034 pater
680 969 807 1034 optumus
823 965 877 1035 olli,

124 1046 162 1098 ut
181 1044 299 1112 cliperun
317 1042 408 1096 efferri
426 1042 513 1110 iussit,
532 1041 707 1110 Didymaonis
725 1043 799 1110 artis,

123 1120 250 1190 Neptuni
268 1136 344 1174 sacro
362 1119 464 1172 Danais
482 1119 517 1172 de
535 1121 614 1186 poste
632 1118 755 1172 refixum.
943 1135 979 1174 oeo

125 1198 190 1251 Hoc
206 1197 332 1249 invenem
349 1195 490 1264 egregium
507 1193 660 1264 praestanti
677 1211 788 1248 munere
807 1195 899 1249 donat.

162 1274 239 1340 Post,
256 1272 303 1324 ubi
321 1270 438 1324 coniecti
456 1287 559 1338 cursus,
579 1274 607 1324 et
625 1269 698 1324 dona
715 1272 837 1339 peregit:

124 1349 151 1402 N
152 1367 215 1416 unc,
234 1349 257 1402 si
274 1347 318 1402 cui
335 1347 422 1400 virtus
440 1347 599 1415 animusque
617 1347 645 1399 in
662 1351 774 1414 pectore
791 1364 926 1417 praesens,

126 1425 221 1491 Adsit,
239 1428 268 1478 et
286 1424 401 1478 evinctis
419 1423 528 1476 attollat
546 1422 673 1476 bracchia
689 1421 793 1491 palmis.

124 1501 172 1555 Sic
189 1501 229 1554 ait
246 1504 275 1554 et
292 1499 429 1567 geminum
446 1515 553 1568 pugnae
571 1498 699 1567 proponit
717 1497 854 1567 honorem,
943 1516 979 1556 eos

124 1577 236 1632 Victori
252 1575 372 1629 velatum
390 1591 456 1629 auro
474 1575 606 1644 vittisque
624 1576 774 1643 iuvencum,
859 1574 864 1586 '

125 1654 228 1707 Ensem
246 1655 330 1720 atque
346 1651 479 1720 insignem
496 1650 601 1720 galeam
619 1650 716 1706 solatia
732 1652 811 1706 victo.

124 1729 152 1783 N
154 1746 188 1784 ec
205 1744 295 1794 more3
316 1728 442 1782 continuo
461 1727 545 1780 vastis
563 1744 624 1781 cum
643 1727 745 1782 viribus
764 1729 843 1786 effert

124 1806 184 1860 Ora
202 1805 297 1871 Dares,
314 1820 467 1872 magnoque
484 1804 573 1856 virum
591 1819 620 1856 se
637 1820 776 1858 murmure
795 1804 882 1870 tollit;

124 1882 205 1936 Solus
222 1881 269 1949 qui
289 1879 415 1934 Paridem
432 1879 528 1934 solitus
546 1879 711 1934 contendere
729 1884 831 1946 contra,
942 1896 978 1934 oro

125 1957 264 2026 Idemque
280 1956 316 2010 ad
334 1956 475 2022 tumulum,
494 1971 549 2024 quo
566 1972 709 2010 maxumus
727 1956 840 2022 occubat
860 1955 971 2016 Hector,

126 2034 269 2086 Victorem
287 2033 378 2086 Buten
397 2032 497 2085 inmani
514 2048 634 2100 corpore,
652 2032 699 2100 qui
718 2048 747 2084 se

125 2109 262 2177 Bebrycia
278 2107 388 2162 veniens
406 2107 503 2176 Amyci
521 2107 556 2161 de
573 2110 658 2176 gente
675 2107 790 2174 ferebat,

125 2185 250 2238 Perculit
267 2187 295 2238 et
312 2183 386 2238 fulva
402 2182 594 2236 moribundum
612 2182 737 2237 extendit
755 2199 845 2238 arena.

124 2262 201 2315 Talis
216 2260 306 2329 prima
323 2259 410 2314 Dares
427 2263 510 2328 caput
527 2260 614 2313 altum
631 2259 659 2313 in
677 2259 780 2328 proelia
797 2259 877 2326 tollit,
941 2273 978 2315 ers

124 2336 313 2405 Ostenditque
330 2335 458 2389 humeros
476 2335 554 2401 latos,
572 2335 732 2404 alternaque
749 2336 833 2390 iactat

123 2413 260 2483 ,Bracchia
277 2412 452 2481 protendens,
470 2415 499 2465 et
518 2411 645 2466 verberat
663 2412 762 2466 ictibus
780 2429 868 2466 auras.

125 2490 275 2556 Quaeritur
292 2488 355 2541 huic
372 2489 455 2554 alius3
481 2505 531 2541 nec
549 2481 693 2556 quisquam
711 2505 746 2541 ex
764 2489 871 2556 agmine
889 2491 967 2541 tanto

127 2566 223 2620 Audet
240 2565 318 2618 adire
336 2565 423 2617 virum
442 2565 620 2632 manibusque
639 2564 768 2618 inducere
787 2569 900 2618 caestus.

125 2642 201 2710 Ergo
218 2641 322 2706 alacris,
340 2645 505 2708 cunctosque
523 2645 623 2708 putans
641 2640 775 2694 excedere
794 2641 890 2709 palma,
943 2655 980 2692 eso

128 2723 240 2772 Aeneae
257 2717 337 2772 stetit
354 2721 418 2770 suto
435 2717 528 2785 pedes,
547 2734 596 2771 nec
614 2717 693 2785 plura
710 2720 833 2770 moratus

125 2794 195 2848 'l'um
213 2793 292 2848 laeva
308 2797 417 2847 taurum
435 2810 519 2847 cornu
535 2797 620 2861 tenet,
638 2797 723 2862 atque
740 2792 780 2847 ita
799 2793 884 2846 fatur:

126 2871 200 2924 Nate
218 2869 279 2937 dea,
297 2892 320 2928 sr
338 2886 416 2923 nemo
434 2867 518 2923 audet
536 2886 565 2923 se
583 2869 697 2922 credere
713 2885 830 2937 pugnae,

125 2947 203 3010 Quae
222 2947 284 3000 finis
303 2945 409 3000 stendit
431 2963 486 3015 quo
503 2963 548 3000 me
566 2946 645 3001 decet
663 2961 750 3014 usque
769 2945 875 2999 tenerit

125 3023 235 3076 Ducere
254 3023 325 3077 dona
341 3022 413 3077 iube.
449 3022 546 3077 Cuncti
564 3022 707 3076 simulare
725 3020 877 3075 fremebant
944 3031 981 3073 ess

126 3099 312 3167 Dardanidae,
331 3099 465 3166 reddique
484 3099 541 3151 viro
559 3099 691 3166 promissa
709 3095 848 3150 iubebant.

128 3174 182 3228 Hie
198 3175 291 3242 gravis
310 3174 447 3228 Entellum
466 3173 547 3226 dictis
565 3173 680 3238 castigat
700 3171 824 3232 Acestes,
