2172 3506
110 139 156 184 ,ΨΒ
333 134 362 183 P.
382 133 535 182 VERGILI
554 131 718 181 Mauortis

109 217 193 272 Totae
211 216 279 271 adeo
297 231 441 269 conversae
459 214 538 279 acies,
556 229 705 282 omnesque
725 213 823 281 Latini,

108 295 211 350 Omnes
230 290 411 358 Dardanidae,
431 289 599 355 Mnestheus,
619 307 736 359 acerque
755 290 889 357 Serestus,

112 373 145 427 iit
164 373 306 438 Messapus
324 385 424 437 equum
442 367 568 432 domitor,
588 370 616 419 et
634 367 714 421 fortis
733 367 830 432 Asilas,
923 382 969 420 eso

108 451 312 514 Tuscorumque
329 444 455 514 phalanx,
473 442 649 511 Euandrique
671 444 794 497 Arcades
811 443 878 509 alae,

112 527 162 579 Pro
180 543 209 580 se
228 524 344 593 quisque
361 521 411 574 viri
430 536 535 573 summa
553 520 679 574 nituntur
697 538 777 590 opum
797 521 839 584 vi;

108 602 166 656 Nec
184 617 267 667 mora,
286 616 335 652 noc
352 598 477 666 requies;
495 599 572 648 vasto
590 599 740 651 certamine
759 597 883 651 tendunt.

144 679 197 731 Hic
214 680 333 730 mentem
344 675 457 728 Aeneae
466 673 591 741 genetrix
610 675 793 742 pulcherrima
811 673 893 738 misit,

1057 453 1060 558 i

112 755 168 808 {ret
185 758 217 807 nt
235 753 272 806 ad
289 768 388 818 murce,
406 749 523 818 urbique
543 749 705 804 adverteret
723 768 820 818 ugnrcn
925 765 979 826 sne·

109 830 190 883 (icius
209 833 237 882 et
255 827 346 880 subita
363 825 489 880 turbaret
507 825 584 878 clade
604 825 723 881 Latinos.

113 906 167 970 ille,
186 909 218 959 ut
235 905 372 970 vestigans
391 901 499 956 diversa
516 919 567 969 por
584 903 692 968 agmina
710 903 830 956 Turnum

111 983 172 1035 Huc
189 986 273 1051 atque
290 979 343 1032 huc
360 977 432 1032 acies
448 976 622 1043 circumtulit,
641 975 739 1045 aspicit
757 976 853 1030 urbem

111 1057 262 1110 Innnunem
280 1056 350 1109 tanti
368 1053 432 1107 belli
451 1057 534 1120 atque
552 1057 654 1120 inpune
675 1056 804 1120 quietam.

109 1135 244 1186 Continuo
263 1149 370 1200 pugnae
388 1128 512 1183 accendit
529 1129 639 1181 maioris
657 1129 761 1197 imago;
925 1143 966 1179 seo
992 1171 996 1178 .

111 1209 253 1262 Mnesthea
272 1209 484 1276 Sergestumque
503 1207 582 1257 vocat
601 1204 756 1273 fortemque
774 1205 914 1258 Serestum

112 1284 251 1352 Ductores,
269 1283 460 1350 tumulumque
477 1281 558 1348 capit,
577 1298 631 1348 qua
649 1290 740 1334 cetera
758 1281 892 1333 Teucriam

108 1361 252 1414 Concurrit
270 1360 348 1427 legio,
367 1375 416 1411 nec
435 1360 511 1410 scuta
529 1360 576 1408 aut
594 1357 698 1424 spicula
716 1357 792 1409 densi

110 1436 261 1503 Deponunt.
299 1435 377 1488 Celso
395 1432 501 1486 medius
520 1436 594 1486 stans
613 1449 714 1500 aggere
732 1434 818 1486 fatur:

111 1513 151 1564 Ne
164 1530 218 1580 qua
230 1514 298 1566 meis
310 1516 369 1566 esto
382 1509 463 1563 dictis
475 1525 551 1562 mora
559 1530 566 1574 ;
581 1508 709 1577 iuppiter
723 1509 773 1562 hac
788 1512 856 1572 stat;
925 1525 964 1562 sot

110 1587 132 1639 N
136 1605 170 1641 eu
188 1589 249 1656 quis
268 1588 302 1640 ob
320 1588 458 1654 inceptum
477 1585 598 1638 subitum
617 1585 682 1638 mihi
701 1585 809 1652 segnior
826 1585 872 1637 ito.

109 1663 213 1716 Urbem
231 1662 319 1728 hodie,
338 1677 460 1714 caussam
478 1659 551 1726 belli,
571 1677 656 1728 regna
676 1662 735 1729 ipsa
755 1661 852 1727 ira-tini,

110 1739 144 1791 Ni
162 1738 270 1792 frenum
288 1738 410 1806 accipere
429 1740 458 1789 et
475 1736 539 1789 victi
558 1753 656 1804 parere
675 1738 803 1799 fatentur,

110 1816 217 1882 Eruam,
237 1819 266 1869 ct
283 1831 370 1883 aequa
388 1814 444 1866 solo
461 1812 595 1866 fumantia
614 1813 731 1866 culmina
749 1830 855 1880 ponam.

108 1891 217 1944 Scilicet
235 1893 398 1960 exspectem,
416 1889 501 1943 libeat
518 1888 583 1943 dum
602 1888 704 1956 proelia
723 1889 813 1942 Tirrno
925 1905 962 1944 tro

109 1968 211 2020 Nostra
228 1968 293 2036 pati,
312 1983 460 2034 rursusque
477 1965 544 2018 velit
562 1982 723 2018 concurrere
740 1966 850 2020 victusi

111 2043 170 2096 Hoc
187 2047 277 2111 caput,
296 2061 311 2096 o
329 2043 409 2108 circa,
428 2043 494 2095 haec
511 2041 575 2094 belli
594 2057 699 2094 summa
717 2042 833 2095 nefandi.

109 2119 192 2172 Ferte
209 2120 281 2172 faces
299 2136 422 2188 propere,
440 2119 590 2186 foedusque
607 2119 742 2185 reposcite
761 2117 884 2170 flammis.

109 2194 230 2261 Dixerat,
249 2199 333 2263 atque
352 2195 448 2248 animis
465 2194 570 2262 pariter
588 2194 757 2247 certantibus
775 2210 868 2246 omnes

28 2277 34 2286 '
109 2270 182 2324 Dant
200 2288 322 2337 cuneum,
341 2270 480 2338 densaque
498 2269 533 2322 ad
551 2285 643 2322 muros
661 2270 731 2323 molo
749 2270 881 2322 feruntur.
925 2283 960 2322 nt

108 2346 202 2399 Scalae
219 2347 355 2414 inproviso
374 2345 535 2414 subitusque
553 2346 681 2414 adparuit
699 2345 776 2413 ignis.

108 2421 272 2475 Discurrunt
290 2422 335 2474 alii
353 2421 389 2474 ad
406 2425 501 2488 portas
518 2422 675 2490 primosque
695 2422 841 2489 trucidant,

44 2531 49 2542 ·
109 2497 224 2551 Ferrum
242 2497 287 2551 alii
306 2502 435 2566 torquent
453 2501 482 2550 et
499 2497 664 2552 obumbrant
681 2498 795 2552 aethera
812 2499 881 2551 telis

110 2575 173 2642 lpse
191 2576 263 2627 inter
280 2575 382 2642 primos
401 2574 526 2628 dextram
545 2574 596 2628 sub
614 2575 720 2628 moenia
737 2574 828 2628 tendit

111 2653 225 2716 Aeneas,
244 2667 396 2718 magnaque
414 2651 520 2703 incusat
537 2667 602 2703 voce
620 2650 757 2715 Latinum,
925 2662 959 2701 nso

108 2725 291 2795 'testaturque
309 2725 376 2779 deos
393 2728 493 2780 iterum
512 2743 541 2780 se
559 2726 594 2778 ad
613 2726 715 2794 proelia
732 2727 799 2794 cogi,

113 2801 157 2852 itis
175 2803 229 2853 iam
249 2801 445 2866 Italoshostis,
463 2801 603 2856 bacciam
622 2802 710 2856 altera
731 2801 844 2855 foedera
864 2798 957 2868 rumpi

109 2876 238 2929 Exoritur
256 2878 378 2945 trepidos
395 2879 469 2932 inter
487 2878 624 2932 discordia
642 2878 721 2932 civis:

109 2950 212 3002 Urbem
231 2952 276 3004 alii
294 2969 418 3006 reserare
436 2953 532 3006 iubent
549 2958 578 3007 et
595 2954 715 3018 pandere
732 2957 826 3021 portas

108 3022 282 3092 Dardanidis,
301 3028 445 3096 ipsumque
462 3029 575 3083 trahunt
593 3029 620 3080 in
638 3029 745 3083 moenia
762 3045 871 3096 regem;
926 3042 958 3082 ssu

109 3097 195 3148 Arma
212 3099 305 3152 ferunt
322 3102 368 3155 alii
386 3107 415 3155 et
433 3108 550 3170 pergunt
568 3104 716 3157 defendere
734 3118 840 3157 muros:

89 3207 93 3215 .
110 3166 233 3222 Inclusas
251 3182 282 3225 ut
300 3191 361 3227 cnm
381 3175 517 3229 latebroso
536 3180 562 3229 in
582 3179 688 3246 pirrrrico
707 3184 800 3247 pastor
