2174 3502
451 167 632 216 AENEIDOS
650 169 717 216 LIB.
736 168 786 217 vt.
995 169 1042 216 ‘205

187 250 248 304 Sed
268 265 322 302 nox
341 251 401 302 atra
419 253 501 316 caput
519 250 591 302 tristi
609 251 784 304 circumvolat
802 251 906 306 umbra
1007 264 1045 304 aas

187 326 262 379 Tum
281 328 361 394 pater
380 325 521 390 Anchises,
540 325 656 378 lacrimis
674 326 811 394 ingressus
829 327 945 381 obortis:

188 401 215 454 Ο
234 405 327 469 gnate,
346 402 484 468 ingentem
502 401 605 454 luctum
622 418 656 454 ne
675 419 774 470 quaere
793 407 916 467 tuorum3

188 477 349 531 Ostendent
367 477 449 530 terris
468 477 539 529 hunc
557 481 663 530 tantum
681 478 745 547 lata,
762 496 851 548 noque
868 479 941 532 ultra

188 553 262 607 Esse
280 554 375 606 sinent.
412 553 533 605 Nimium
552 551 627 605 vobis
647 553 770 608 Romana
787 571 907 624 propago
1008 568 1044 609 sm

189 629 262 682 Visa
278 633 383 696 potens,
403 629 510 698 Superi,
527 629 638 698 propria
654 628 721 683 haec
739 630 763 682 si
781 631 853 684 dona
870 631 992 684 luissent.

191 706 317 770 Quantos
334 705 380 760 ille
398 705 486 759 virum
506 721 631 772 magnam
650 705 782 759 Mavortis
799 706 836 760 ad
852 707 948 759 urbem

191 783 314 850 Campus
331 786 395 850 aget
412 779 545 849 gemitus!
564 780 607 833 vel
625 797 703 849 quae,
721 781 855 848 Tiberine,
873 782 979 836 videbis
1001 807 1023 820 ν

192 859 310 925 Funera,
329 875 391 912 cum
409 858 544 912 tumulum
561 849 932 925 praeterlabere‘ib'c‘entcm!

191 935 218 987 N
220 951 253 988 ec
270 951 340 1002 puer
359 935 442 988 Iliaca
459 933 602 1002 quisquam
621 933 656 986 de
673 939 757 1001 geute
775 935 887 989 Latinos
1007 947 1043 988 sm

115 1060 120 1069 .
193 1011 227 1064 ln
246 1015 354 1065 tantum
373 1028 420 1080 spe
438 1011 517 1065 tollet
535 1026 606 1077 avos,
623 1025 674 1063 nee
693 1011 808 1064 Romula
826 1011 962 1078 quondam

191 1087 257 1140 Ullo
276 1105 306 1141 se
323 1092 432 1140 tantum
450 1087 531 1141 tellus
548 1086 661 1156 iactabit
678 1087 792 1142 alumno.

191 1165 258 1218 Heu
276 1165 372 1232 pietas,
390 1165 445 1217 heu
462 1164 551 1232 prisca
568 1163 645 1229 fides,
663 1163 819 1232 invictaque
836 1163 908 1217 bello

191 1240 327 1294 Dextera!
348 1257 400 1293 non
418 1241 457 1293 illi
476 1256 505 1292 se
523 1241 664 1308 quisquam
682 1239 782 1308 inpune
800 1239 909 1293 tulisset

150 1359 161 1377 .
191 1317 298 1371 Obvius
315 1321 427 1384 armate,
445 1333 493 1370 seu
511 1333 572 1368 cum
590 1315 676 1386 pedes
693 1316 747 1368 iret
765 1315 793 1368 in
811 1315 925 1382 hostem,
1005 1329 1044 1368 ssa

191 1394 248 1448 Seu
266 1394 416 1462 spumantis
435 1393 498 1461 oqui
516 1392 624 1445 foderet
642 1391 791 1444 calcaribus
810 1407 906 1444 annos.

190 1470 266 1537 Heu,
284 1469 437 1522 miserande
454 1472 536 1537 puer!
557 1469 579 1520 si
598 1484 652 1536 qua
669 1467 725 1520 fata
744 1483 841 1536 aspera
859 1485 975 1536 rumpas,

190 1547 234 1600 Tu
253 1545 398 1598 Marcellus
416 1545 476 1597 orie.
513 1544 642 1597 Manibus
660 1543 725 1598 date
743 1544 799 1596 lilia
816 1545 911 1611 plenia

190 1623 351 1690 Purpureos
369 1631 494 1690 spargam
512 1621 599 1685 flores,
618 1621 789 1690 animamque
807 1622 914 1689 nepotis

190 1699 248 1752 His
267 1698 364 1752 saltem
381 1698 551 1751 adcumulem
570 1698 654 1764 donis,
676 1701 704 1750 et
722 1696 820 1765 iungar
837 1699 909 1750 inani
1006 1707 1042 1748 ass

190 1775 399 1829 Munere—Sic
417 1777 476 1828 tota
494 1775 595 1842 passim
614 1773 724 1840 regione
743 1777 876 1840 vagantur

190 1851 277 1906 Aeris
295 1852 323 1904 in
340 1852 441 1919 campis
459 1851 530 1918 latis,
548 1854 631 1918 atque
649 1851 738 1903 omnia
756 1850 878 1903 lustrant.

192 1927 271 1992 Quae
289 1932 433 1995 postquam
452 1927 586 1980 Anchises
603 1928 697 1979 natum
715 1943 766 1994 per
784 1926 888 1993 singula
905 1925 992 1993 duxit,

191 2003 376 2071 Incenditque
393 2006 510 2057 animum
528 2003 616 2056 firmae
633 2002 768 2056 venientis
785 2017 884 2070 amore,

192 2081 266 2133 Exin
284 2079 356 2133 bella
372 2081 430 2133 viro
448 2083 582 2134 memorat
600 2096 670 2148 quae
688 2078 788 2131 deinde
806 2077 934 2145 gerenda,
1005 2093 1042 2132 seo
1071 2145 1074 2150 Ι

192 2155 393 2223 Laurentisque
412 2157 491 2209 docet
509 2155 622 2223 populos
640 2154 792 2223 urbemque
810 2154 909 2221 Latini,

192 2230 231 2284 Et
249 2247 304 2298 quo
321 2247 458 2300 quemque
474 2231 556 2284 modo
573 2231 713 2298 fugiatque
733 2229 857 2298 feratque
876 2231 1004 2285 laborem.

229 2307 300 2360 Sunt
317 2308 440 2374 geminae
459 2307 549 2360 Somni
567 2311 671 2376 portae,
691 2323 805 2376 quarum
824 2306 911 2360 altera
929 2308 1017 2360 fertur

193 2383 307 2449 Cornea,
324 2401 379 2452 qua
397 2384 467 2436 veris
485 2383 570 2436 facilis
589 2383 671 2436 datur
689 2383 778 2435 exitus
797 2383 923 2448 Umbris3

195 2460 293 2527 Altera
310 2459 437 2513 candenti
454 2460 575 2528 perlecta
593 2460 682 2513 nitens
700 2459 852 2526 elephanto,
1005 2474 1041 2513 soa

193 2535 250 2588 Sed
267 2536 336 2589 falsa
353 2536 389 2589 ad
407 2535 511 2589 caelum
529 2535 643 2588 mittunt
661 2537 793 2589 insomnia
811 2536 913 2589 Manes.

194 2612 248 2665 llis
265 2612 312 2664 ubi
331 2618 390 2665 tum
409 2615 503 2664 natum
522 2611 655 2664 Anchises
674 2629 782 2680 unaque
800 2612 930 2680 Sibyllam

194 2689 375 2756 Prosequitur
392 2688 481 2754 dictio,
499 2691 633 2757 portaque
652 2688 754 2740 omittit
773 2688 881 2753 eburna,

193 2763 246 2817 Illo
263 2765 335 2818 viam
353 2768 427 2818 secat
444 2764 480 2818 ad
498 2763 573 2816 navis
591 2763 730 2832 sociosque
749 2766 855 2816 revisit:

194 2840 262 2893 'lum
280 2856 309 2894 se
327 2841 364 2892 ad
382 2839 493 2894 Caietae
510 2843 585 2893 recto
602 2839 658 2892 fert
676 2838 755 2892 litore
773 2855 889 2908 porrum.
1004 2849 1041 2890 aee

193 2917 305 2971 Ancora
322 2915 358 2970 de
376 2931 457 2986 prora
473 2915 585 2982 iacitur3
604 2918 678 2970 stant
695 2915 775 2970 litore
792 2925 903 2983 puppes.
