2172 3506
102 158 149 205 ror
332 160 361 207 r.
381 159 534 209 vererer
551 128 719 210 nnaonns

105 235 182 290 Ilicet
200 237 227 290 in
245 255 337 292 mnros
355 243 416 294 tota
434 240 598 294 discurritur
615 241 691 294 urbe.

103 314 252 368 Concilium
269 315 328 384 ipse
345 319 426 385 pater
443 322 472 370 et
489 333 588 384 magna
605 317 715 386 incepta
733 320 847 374 Latinus

103 389 212 443 Deserit
230 408 261 444 ac
278 393 351 445 tristi
369 392 496 445 turbatus
514 395 638 460 tempore
655 394 755 460 differt,
917 410 953 451 ἀπ’

103 467 245 536 Multaque
264 485 293 522 sc
310 469 423 532 incusat,
441 472 488 538 qui
506 486 560 523 non
578 472 713 540 acceperit
731 472 805 525 ultro

104 543 271 598 Dardanium
289 547 410 613 Aenean,
428 562 615 615 generumque
633 547 780 600 adsciverit
797 548 867 601 urbi.

106 619 280 674 Praefodiunt
298 621 343 675 alii
360 627 461 690 pertas,
480 628 528 676 aut
546 640 613 677 saxa
630 623 767 693 sudesque

103 697 278 751 b'ubvectant.
317 698 394 752 Bello
413 698 461 752 dat
479 699 587 767 signum
605 716 687 753 rauca
704 703 847 754 cruentum

103 773 212 828 Bucina
249 774 317 828 Tmn
335 791 427 829 muros
443 775 518 829 varia
535 775 644 830 cinxere
662 791 761 830 corona
918 793 952 830 ers

102 849 245 904 Matronae
263 853 409 920 puerique;
426 855 505 905 vocat
522 851 599 905 labor
615 851 728 906 ultimus
746 853 838 905 omnia

103 927 230 980 Necnon
249 927 285 980 ad
304 928 438 996 templum
455 945 629 1002 summasque
647 928 683 981 ad
703 928 822 983 Palladis
839 945 916 982 ames

103 1003 268 1057 Subvehitnr
285 1020 383 1072 magna
399 1008 519 1058 matrum
536 1005 632 1071 regina
649 1008 765 1070 caterva,

103 1078 181 1132 Dona
196 1080 293 1147 ferens,
312 1079 443 1149 iuxtaque
460 1097 550 1134 comes
569 1080 681 1134 Lavinia
697 1081 780 1148 virgo,

104 1153 205 1209 Caussa
221 1156 286 1210 mali
304 1157 381 1222 tanti,
400 1157 491 1210 oculos
509 1157 616 1210 deiecta
635 1157 757 1210 decoros.
914 1171 954 1210 see

103 1231 256 1287 Succedunt
273 1235 382 1300 matres,
400 1237 429 1287 ct
446 1233 580 1301 templum
598 1237 660 1287 ture
678 1237 817 1302 vaporant,

104 1306 140 1360 Itt
158 1313 275 1362 maestas
292 1309 347 1362 alto
365 1309 481 1363 fundunt
500 1309 534 1361 de
552 1309 645 1362 limine
663 1325 755 1363 voees:

106 1384 288 1453 Armipotens,
304 1401 414 1453 praeses
431 1384 503 1452 belli,
520 1384 641 1438 Tritonia
658 1385 742 1453 virgo,

104 1460 211 1528 Frange
229 1479 309 1515 mann
327 1461 412 1515 telum
432 1461 542 1529 Phrygii
561 1461 714 1528 praedonis,
732 1464 761 1514 et
778 1461 867 1529 ipsum

105 1535 221 1590 Pronum
240 1542 332 1591 sterne
350 1537 413 1605 solo,
431 1537 574 1606 portisque
592 1537 701 1590 effunde
714 1537 771 1607 ,snb
789 1536 859 1589 altis
915 1553 954 1592 rsa

104 1611 228 1680 Cingitur
244 1613 302 1680 ipse
319 1613 412 1665 furens
429 1613 555 1666 certatim
572 1612 600 1665 in
618 1613 722 1682 proelia
739 1613 852 1665 Turnus.

105 1687 218 1756 lamque
236 1689 305 1742 adeo
325 1687 457 1741 Rutulum
476 1688 589 1742 thoraca
606 1688 719 1742 indutus
737 1688 812 1741 aenis

105 1765 242 1818 Horrebat
260 1765 387 1833 squamis,
405 1781 538 1833 surasque
557 1765 703 1820 incluserat
720 1781 792 1827 auro,

104 1840 236 1909 'l'empora
251 1841 342 1894 nudus
360 1840 456 1905 adhuc,
475 1840 611 1909 laterique
630 1841 785 1894 accinxerat
803 1857 903 1907 ensem,

104 1916 291 1984 Fulgebatqne
308 1917 365 1969 alta
382 1915 529 1970 decurrens
547 1933 646 1970 aurens
664 1933 732 1985 arec,
913 1931 952 1969 leo

26 2049 31 2059 ,
103 1993 283 2061 Exsultatque
300 1992 404 2059 animis,
422 1996 450 2044 et
467 2009 515 2061 spe
532 1993 586 2046 iam
604 1993 739 2062 praecipit
754 1992 874 2046 hostem:

103 2067 196 2130 Qualis
214 2067 261 2121 ubi
278 2068 402 2137 abruptis
421 2068 492 2136 sugit
510 2070 654 2137 praesepia
673 2069 766 2122 vinclis

103 2144 222 2199 Tandem
240 2144 311 2198 liber
328 2161 421 2213 equus,
440 2162 588 2214 campoque
606 2145 710 2213 potitus
728 2148 823 2214 aperto

107 2225 162 2275 Aut
179 2221 225 2275 ille
242 2220 269 2274 in
288 2227 383 2290 pastus
401 2226 579 2291 armentaque
597 2222 689 2275 tendit
706 2237 845 2290 equarum,

105 2300 163 2353 Aut
180 2298 311 2351 adsumus
328 2315 415 2368 aquae
433 2298 560 2366 perfundi
578 2298 689 2352 flumine
706 2302 771 2350 noto
914 2311 953 2350 eos

105 2375 215 2441 Emicat,
232 2374 399 2441 arrectisque
417 2374 510 2428 fremit
528 2374 679 2428 cervicibus
692 2374 748 2428 alte

104 2450 262 2514 Luxuriam,
280 2448 433 2516 luduntque
450 2449 531 2504 iubae
549 2467 599 2518 per
617 2450 690 2516 eolla,
708 2467 759 2519 per
775 2465 871 2502 arnros
900 2479 907 2499 t

103 2527 190 2580 Obvia
207 2525 257 2591 ciri,
276 2524 436 2578 Volscorum
454 2526 511 2578 acio
528 2526 682 2592 comitante,
699 2525 812 2579 Camilla
882 2495 911 2564 7⁸

103 2603 237 2669 Occurrit,
253 2601 394 2670 portisque
411 2601 447 2654 ab
464 2619 534 2670 equo
552 2602 648 2670 regina
666 2602 716 2655 sub
734 2601 801 2670 ipsis

104 2678 228 2745 Desiluit,
247 2695 328 2746 quam
347 2681 407 2732 tota
424 2679 519 2731 cohors
537 2678 645 2732 imitata
662 2679 763 2732 relictis
915 2691 954 2730 eoo

103 2755 150 2808 Ad
168 2758 272 2808 terram
290 2754 406 2808 defluxit
424 2755 518 2822 equis;
536 2758 595 2808 tum
614 2755 680 2808 talia
697 2755 784 2808 latur:

102 2831 199 2895 Turne,
217 2830 259 2883 sui
277 2829 376 2882 merito
394 2830 417 2882 si
436 2834 550 2898 quaest
568 2829 668 2884 fiducia
684 2830 757 2895 forti,

102 2905 202 2958 Audeo
220 2909 249 2958 et
269 2906 431 2959 Aeneadum
448 2907 580 2974 promitto
598 2923 741 2960 occurrere
758 2909 867 2958 turmae

102 2979 218 3046 Solaque
236 2980 389 3048 Tyrrhenos
407 2981 514 3049 equites
532 2981 572 3034 ire
590 2982 669 3036 obvia
687 2986 788 3036 contra.

101 3053 148 3106 Me
166 3055 224 3107 sine
241 3056 329 3122 prima
346 3073 427 3109 manu
445 3060 582 3124 temptare
599 3058 719 3126 pericula
737 3057 817 3112 belli:
916 3069 952 3112 ωε

100 3125 142 3178 Tu
158 3127 245 3193 pedes
262 3129 298 3182 ad
316 3147 407 3185 muros
425 3132 549 3199 subsiste,
568 3136 598 3186 et
615 3133 721 3188 moenia
738 3151 824 3188 serva

101 3197 207 3251 Turnus
224 3204 260 3254 ad
277 3204 351 3268 haec,
370 3208 460 3258 ocules
477 3208 614 3260 horrenda
631 3208 658 3261 in
676 3209 783 3278 virgine
800 3209 886 3266 fixus:
