2154 3518
377 170 585 221 GEORGICON
603 171 672 222 LIB.
692 171 715 221 Ι.
944 170 974 214 33

119 239 208 320 Quam
227 251 322 308 Cereri
339 255 414 308 torta
431 251 575 306 redimitus
592 255 717 320 tempore
735 265 838 319 quercu

117 331 175 385 Det
192 335 283 384 metus
300 331 481 399 inconpositos
500 333 529 383 et
548 330 667 383 carmina
686 327 766 382 dicat.
940 337 977 378 ste

153 411 249 477 Atque
267 407 333 460 haec
352 411 383 460 ut
400 408 482 461 certis
500 423 641 476 possemus
659 405 765 458 discere
784 405 872 472 signis,

116 485 284 552 Aestusque,
304 484 471 553 pluviasque,
493 487 523 537 et
541 485 647 551 agentis
664 483 767 550 frigora
783 484 886 547 ventos,

117 561 184 630 Ipse
204 562 287 614 Pater
306 561 410 626 statuit,
431 560 498 629 quid
515 564 656 613 menstrua
675 558 751 612 Luna
768 563 907 623 rnoneret3

117 639 177 703 Quo
196 639 272 706 signe
291 636 421 690 caderent
440 637 539 701 austri,
565 635 632 705 quid
650 653 730 704 saepe
749 637 873 690 videntes

117 715 263 782 Agricolae
282 715 393 782 propius
415 713 528 767 stabulis
547 715 671 765 armenta
688 717 822 767 tenerent.
940 725 976 764 ets

117 791 259 855 Continuo,
278 791 366 844 ventis
385 789 566 857 surgentibus,
587 793 635 841 aut
652 789 723 842 freta
741 790 816 858 ponti

117 866 256 936 Incipiunt
275 868 379 934 agitata
398 869 550 920 tumescere
569 869 598 918 et
616 865 708 918 aridus
727 865 788 919 altis

117 943 260 997 Montibus
280 943 367 996 audiri
388 943 486 1010 fragor,
507 945 555 995 erut
572 943 728 996 resonantia
746 942 825 1010 louge

118 1019 212 1074 Litora
231 1020 338 1072 misceri
359 1025 388 1072 et
406 1035 546 1071 nemcntsszr
564 1018 751 1071 increbescere
769 1035 899 1070 murmur.

33 1161 37 1168 Ι
118 1096 178 1149 Iam
198 1097 248 1149 sibi
267 1100 326 1149 tum
347 1096 434 1149 curris
453 1095 524 1148 male
542 1098 679 1163 temperat
696 1095 770 1148 unda
788 1094 892 1160 earinis,
940 1106 976 1146 seo

118 1174 186 1226 Cum
206 1173 296 1226 medio
315 1171 418 1225 celeres
437 1171 559 1224 revolant
577 1188 611 1224 ex
630 1188 750 1239 aequore
767 1171 853 1237 mergi

119 1250 326 1317 Clamoremque
345 1248 436 1301 ferunt
455 1247 491 1300 ad
511 1247 597 1313 litora,
617 1264 734 1314 eumque
751 1249 871 1300 rrmrinae

120 1326 153 1380 ln
171 1325 240 1378 sicco
260 1324 358 1376 ludunt
376 1322 480 1388 fulicae,
499 1326 632 1390 notasque
650 1323 756 1390 paludis

119 1401 228 1454 Deserit
247 1404 331 1467 utrque
350 1399 432 1452 altam
452 1415 533 1465 supra
551 1397 625 1450 volat
643 1398 726 1450 ardea
744 1398 850 1451 nubent.

119 1479 206 1545 Saepe
226 1477 308 1529 ctiam
327 1474 427 1540 stellas,
446 1477 528 1528 rento
546 1474 720 1542 inpendente,
738 1474 843 1527 videbis
939 1488 975 1526 aee

121 1553 279 1621 Praecipitis
300 1551 374 1605 caelo
393 1550 455 1618 labi,
473 1552 614 1618 noctisque
632 1567 682 1618 per
700 1550 823 1608 umbram

120 1630 303 1684 Flammarum
324 1627 418 1694 longos
440 1645 456 1680 a
473 1630 551 1694 tergo
570 1627 708 1681 albescere
727 1630 843 1691 tractus3

120 1708 206 1775 Saepe
225 1705 312 1758 levem
332 1703 437 1772 paleam
455 1706 484 1756 et
502 1703 612 1756 frondes
631 1704 744 1757 volitare
762 1703 882 1770 caducas,

121 1786 179 1836 Aut
198 1797 302 1835 summa
321 1780 410 1832 nantis
427 1781 455 1831 in
475 1797 545 1847 aqua
563 1780 700 1834 colludere
717 1781 828 1849 plumas.

121 1861 160 1911 At
180 1859 284 1910 Boreae
303 1857 338 1909 de
356 1859 435 1924 parte
453 1857 536 1909 trucis
555 1874 615 1909 cunr
633 1856 765 1922 fulminat,
784 1860 891 1909 etcum
937 1869 974 1910 310

121 1933 238 2001 Eurique
258 1932 428 2002 Zephyrique
447 1935 525 1985 tonat
544 1931 653 1985 donnus:
678 1934 766 1986 omnia
783 1933 869 2000 plenis

120 2009 195 2062 Rura
212 2013 309 2062 natant
326 2009 412 2074 fessis,
432 2011 515 2075 atque
533 2009 618 2060 onmis
636 2010 727 2062 navita
744 2012 828 2078 ponte

122 2085 242 2138 Humida
260 2085 320 2137 vela
337 2084 409 2150 legit.
450 2083 605 2150 Numquam
623 2084 831 2153 inprudentibus
848 2084 935 2136 inrber

120 2161 228 2214 Obfuit:
253 2164 301 2213 aut
318 2161 393 2211 illum
414 2162 570 2226 surgentem
589 2160 702 2213 vallibus
720 2161 780 2213 irrris

122 2239 219 2290 ⁴leriae
237 2238 332 2302 fugere
351 2251 439 2302 grueS,
459 2238 507 2286 asrt
525 2234 621 2288 bucula
640 2236 743 2289 caelum
937 2247 973 2288 ³7⁵

120 2314 272 2381 Suspiciens
290 2311 389 2380 patulis
409 2311 528 2380 captavit
547 2313 656 2366 naribus
674 2329 761 2380 auras,

122 2392 178 2442 nne
196 2393 293 2457 arguta
310 2387 383 2440 lacus
404 2388 627 2442 circumvolitavit
645 2389 768 2451 hirsmdo,

122 2467 156 2518 llt
173 2470 294 2519 veterem
311 2466 340 2518 in
358 2465 422 2518 limo
441 2482 523 2518 ranae
541 2465 662 2518 cecinere
681 2465 825 2532 querelam.

120 2542 231 2610 Saepius
248 2545 277 2596 et
295 2543 375 2596 tectis
394 2541 579 2611 penetralibus
597 2542 697 2595 extulit
715 2557 765 2594 ova

120 2617 275 2686 Angustum
292 2619 405 2673 formica
424 2622 518 2672 terens
537 2619 597 2686 iter,
616 2622 644 2671 et
662 2617 732 2671 bibit
749 2619 844 2684 ingens
936 2630 972 2668 ase

122 2695 215 2762 Arcus,
234 2700 263 2749 et
281 2713 296 2748 e
314 2699 395 2764 pastu
415 2693 551 2748 decedens
569 2695 675 2762 agrrrine
693 2711 791 2761 ruagne

121 2770 267 2825 Corsorum
284 2773 420 2840 increpuit
439 2771 529 2823 densis
548 2772 683 2824 exercitus
700 2771 756 2823 alis.

123 2845 179 2899 Iam
197 2850 284 2902 varias
301 2850 388 2918 pelagi
410 2849 538 2915 volueres,
558 2853 587 2900 et
606 2865 676 2916 quae
696 2847 762 2900 Asia
780 2847 879 2900 circuni

121 2921 250 2977 Dulcibus
268 2927 293 2978 in
315 2928 416 2994 stagnis
438 2928 569 2980 rimantur
587 2929 667 2996 prata
686 2924 798 2992 Caystri,

122 2999 252 3055 Certatim
270 3004 359 3072 largos
378 3003 497 3058 humeris
515 3003 657 3056 infundere
676 3017 758 3066 rores,
934 3010 971 3050 sss

121 3075 198 3132 Nunc
215 3087 297 3150 eaput
317 3081 453 3134 obiectare
471 3081 556 3144 fretis,
574 3096 645 3132 nunc
664 3093 771 3132 currere
788 3075 816 3126 in
834 3073 928 3140 undae,

121 3152 155 3205 llt
173 3159 263 3212 studio
282 3157 416 3211 incassum
434 3156 527 3208 videas
545 3157 647 3223 gestire
665 3153 778 3207 lavandi.

122 3229 187 3286 'lum
206 3235 298 3288 ceruix
316 3233 398 3301 plena
414 3232 532 3299 pluviam
550 3234 629 3282 vocat
646 3229 759 3297 inproba
777 3243 841 3280 voce
