2174 3502
378 169 562 218 Anusrnos
579 168 651 218 nra.
674 169 703 216 V.
922 169 966 216 ror
1029 225 1033 234 ,

115 253 212 318 Quove
229 251 318 318 urago
334 251 421 304 fessas
439 254 530 318 optem
549 249 696 303 demittere
714 249 798 317 navis,

114 329 205 393 Quam
224 344 295 396 quae
313 326 481 380 Dardanium
499 326 581 379 tellus
599 325 664 378 mihi
682 329 775 379 servat
793 325 920 392 Acesten,
947 337 970 378 so

114 406 152 464 Et
170 405 261 472 patris
279 403 417 456 Anchisae
434 403 539 470 gremio
557 402 739 470 conplectitur
757 403 833 457 ossei

116 483 194 535 llaec
213 480 260 534 ubi
278 480 359 547 dicta,
377 483 476 548 petunt
494 483 597 547 portus
615 483 645 533 et
661 479 722 533 vela
739 479 850 534 secundi

115 557 273 612 intendunt
290 555 421 624 Zephyri3
438 556 527 610 fertur
544 556 600 609 cita
616 556 726 624 gurgite
744 557 845 625 classis,

114 634 152 688 Et
169 634 284 688 tandem
301 632 367 686 laeti
385 635 467 686 notae
484 632 666 686 advertuntur
684 648 790 686 arenae.

151 714 194 765 At
211 709 306 781 procul
325 708 432 762 excelso
450 709 564 762 miratus
582 710 684 762 vertice
702 710 803 763 montis
947 719 972 759 ss

115 788 278 842 Adventum
296 785 436 854 sociasque
454 789 528 839 rates
545 786 663 839 occurrit
682 788 807 852 Acestes,

116 862 257 917 Horridus
273 863 302 915 in
319 861 413 915 iaculis
430 865 459 914 et
477 861 548 930 pelle
567 861 717 931 Libystidis
733 877 822 930 ursae,

115 941 198 993 Troia
216 939 332 993 Crimisa
349 940 509 1006 conceptum
527 937 638 992 flumine
655 941 744 993 mater

115 1016 205 1080 Quem
222 1015 325 1082 genuit.
362 1013 496 1067 Veterum
513 1031 567 1067 non
585 1016 718 1068 inmemor
735 1015 781 1070 ille
798 1019 944 1086 parentum

114 1094 252 1147 Gratatur
268 1091 384 1144 reduces
400 1095 430 1145 et
447 1107 515 1159 gaza
532 1091 620 1145 laetus
637 1093 740 1161 agresti
946 1106 971 1146 so

115 1169 234 1236 Excipit,
252 1185 284 1221 ac
300 1168 386 1221 fessos
403 1168 500 1236 opibus
518 1168 621 1221 solatur
638 1169 738 1223 amieis.

150 1246 268 1299 Postera
286 1261 347 1297 cum
365 1245 452 1312 primo
470 1245 563 1298 stellas
582 1244 696 1299 Oriente
712 1246 821 1312 iugarat

115 1321 199 1376 Clara
216 1321 285 1387 dies,
304 1320 389 1373 socios
408 1321 436 1373 in
454 1325 563 1374 coetum
580 1321 662 1375 litore
680 1321 715 1373 ab
733 1320 806 1373 omni

114 1397 245 1452 Advocat
264 1397 380 1463 Aeneas,
399 1397 551 1465 tumulique
570 1413 604 1449 ex
622 1413 723 1464 aggere
739 1397 826 1450 fatur:

114 1472 294 1527 Dardanidae
310 1475 410 1541 magni,
427 1490 514 1541 genus
532 1474 588 1526 alto
606 1489 623 1526 a
641 1473 772 1541 sanguine
790 1472 890 1539 divom,
947 1486 971 1526 ss

115 1551 235 1603 Annuus
253 1549 357 1603 exactis
374 1550 516 1618 conpletur
533 1548 672 1602 mensibus
691 1549 772 1617 orbis,

114 1627 157 1679 Ex
177 1642 233 1695 quo
250 1625 379 1694 reliquias
399 1625 541 1694 divinique
559 1642 621 1678 ossa
638 1626 760 1694 parentis

115 1701 298 1756 Condidimus
314 1705 391 1755 terra
408 1705 581 1770 maestasque
601 1703 766 1756 sacravimus
784 1719 853 1757 aras.

115 1780 233 1848 lamque
251 1779 318 1844 dies,
336 1778 388 1831 nisi
405 1778 492 1845 fallor,
509 1778 595 1844 adest,
612 1795 693 1847 quem
710 1796 818 1848 semper
834 1778 971 1842 acerbum,

114 1856 233 1925 Semper
249 1854 486 1909 honoratum-sic
505 1854 533 1906 di
552 1854 826 1908 voluistis-habebo.
947 1867 971 1905 so

115 1933 199 1986 Hunc
218 1948 268 2000 ego
286 1931 409 1985 Gaetulis
427 1948 538 1999 agerem
556 1931 579 1984 si
598 1931 722 1999 Syrtibus
741 1931 826 1998 exsul,

115 2008 280 2076 Argolicove
298 2007 366 2060 mari
385 2007 536 2076 deprensus
554 2011 582 2060 et
600 2007 668 2060 urbe
687 2007 824 2076 Mycenae,

115 2086 219 2137 Annua
236 2089 300 2137 vota
317 2086 410 2138 tamen
428 2084 620 2152 sollemnisque
638 2084 734 2137 ordine
751 2099 864 2154 pompas

115 2162 299 2228 Exsequerer‚
317 2156 507 2228 strueremque
526 2161 580 2214 suis
598 2161 696 2214 altaria
714 2159 799 2214 donis.

114 2238 140 2290 N
142 2254 197 2290 une
215 2237 288 2290 ultro
306 2236 343 2290 ad
360 2237 466 2290 cineres
485 2237 569 2306 ipsius
587 2241 616 2291 et
634 2253 695 2291 ossa
712 2236 840 2306 parentis,
948 2247 973 2288 ss

114 2314 204 2367 Haud
221 2312 349 2381 equidem
368 2313 425 2366 sine
442 2317 535 2367 mente
553 2331 622 2381 reor,
642 2315 699 2368 sinc
717 2312 827 2366 nurnine
844 2310 943 2377 divom,

116 2391 260 2443 Adsumus
277 2392 306 2442 et
323 2393 420 2458 portus
439 2389 523 2444 delati
541 2391 675 2443 intramus
693 2390 800 2442 amicos.

115 2468 193 2534 llrgo
211 2466 293 2534 agite,
313 2470 342 2519 et
358 2467 461 2520 laetum
479 2467 570 2520 cuncti
589 2466 758 2520 celebremus
775 2466 922 2529 honorem

114 2542 266 2596 Poscamus
283 2544 387 2611 ventos
405 2547 488 2612 atque
506 2543 574 2597 haec
590 2560 635 2596 me
653 2560 730 2597 sacra
748 2545 815 2610 quot
833 2541 909 2594 annis

113 2620 194 2675 Urbe
212 2621 279 2674 velit
296 2621 386 2691 posita
404 2620 514 2688 templis
533 2619 585 2673 sibi
602 2620 676 2673 ferre
695 2619 799 2672 dicatis.
949 2629 974 2668 oo

115 2697 188 2751 Bina
205 2696 288 2750 boum
306 2697 383 2750 vobis
402 2696 483 2750 Troia
499 2699 646 2764 generatus
667 2696 782 2749 Acestes

115 2771 173 2826 Dat
191 2789 304 2826 numero
322 2773 412 2841 capita
429 2773 458 2826 in
475 2773 567 2838 navis3
585 2772 715 2826 adhibete
735 2770 845 2824 Penatis

115 2848 155 2903 lit
168 2849 276 2918 ,patrios
295 2849 382 2917 epulis
400 2853 429 2902 et
447 2866 515 2917 quos
533 2849 597 2902 colit
615 2849 714 2917 hospes
735 2849 858 2900 Acestes.

115 2925 274 2994 Praeterea,
293 2926 316 2978 si
333 2941 404 2979 nona
421 2924 495 2979 diem
514 2924 673 2978 mortalibus
691 2925 792 2978 almum

115 3003 229 3056 Aurora
246 3001 377 3055 extulerit
395 3001 532 3071 radiisque
550 3002 684 3054 retexerit
702 3000 805 3063 orbem,
951 3005 976 3044 ⁶⁵

116 3079 211 3132 Prima
228 3079 299 3131 citae
317 3077 429 3131 Teucris
445 3093 545 3146 ponam
563 3078 711 3130 certamina
729 3073 836 3136 classis;

117 3153 228 3224 Quique
243 3153 347 3222 pedum
364 3169 445 3206 cursu
463 3152 545 3217 valet,
565 3156 594 3204 et
612 3151 658 3217 qui
675 3149 777 3201 viribus
795 3145 886 3198 audax

117 3232 179 3284 Aut
195 3230 284 3285 iaculo
300 3227 404 3282 incedit
422 3229 519 3282 melior
535 3224 695 3289 levibusque
714 3221 830 3286 sagittis,
