2154 3518
365 145 570 196 GEORGIGON
588 148 656 199 LIB.
672 147 701 198 I.¹
923 148 955 196 at

106 229 152 300 An
170 225 238 280 <leus
256 226 373 280 inmensi
390 227 483 282 venias
500 229 590 292 maris,
608 246 639 282 ac
657 233 705 283 tua
723 232 822 284 naume

105 302 225 365 Numina
243 303 301 356 sola
318 303 416 370 colant,
434 304 486 357 tibi
505 305 606 358 serviat
623 305 721 358 ultima
739 305 832 371 Thule,
933 321 957 360 so

105 378 199 446 'l'eque
218 378 271 431 sibi
288 396 419 446 generum
438 380 540 448 Tethys
558 384 632 434 emat
650 380 774 433 omnibus
793 380 881 445 undis,

106 456 187 508 Anne
206 471 306 508 novum
324 455 412 508 tardis
430 456 506 510 sidus
523 459 552 510 te
571 455 709 510 mensibus
728 456 822 521 addas,

104 530 166 595 Qua
184 532 258 586 locus
277 532 414 598 Erigonen
433 532 505 585 inter
524 531 677 600 Chelasque
697 532 837 601 sequentis

105 608 258 672 Panditur;
275 608 333 676 ipse
351 607 403 660 tibi
421 608 475 661 iam
493 607 619 661 bracchia
636 607 771 662 contrahit
789 607 888 660 ardens

105 685 237 752 Scorpios,
257 688 285 736 et
303 683 370 736 caeli
388 684 461 737 iusta
479 684 540 752 plus
557 687 637 751 parte
655 684 782 751 reliquit,
932 699 956 735 aa

106 760 247 828 Quidquid
265 761 425 828 eris-nam
444 763 472 813 te
490 776 539 812 nec
558 763 668 827 sperant
686 761 800 812 Tartara
816 776 915 826 regem.

106 835 164 888 Nec
181 835 233 889 tibi
250 837 383 903 regnandi
403 836 493 889 veniat
511 839 568 889 tam
587 835 648 889 dira
665 835 780 904 eupido;

106 911 234 974 Quemvis
254 911 358 980 Elysios
376 913 492 966 miretur
511 912 626 966 Graecia
643 928 758 980 campos,

106 987 165 1040 Nec
183 988 301 1056 repetita
319 990 395 1057 sequi
414 992 492 1042 curet
511 988 674 1056 Proserpina
692 992 843 1042 matrem-

105 1064 148 1118 De
165 1065 272 1118 facilem
290 1081 406 1130 cursum,
425 1069 509 1134 atque
527 1063 676 1118 audacibus
693 1064 781 1118 adnue
799 1063 909 1132 coeptis,
935 1079 959 1118 so

106 1140 275 1209 Ignarosque
293 1142 352 1194 viae
370 1158 477 1194 mecum
495 1142 640 1196 miseratus
658 1141 775 1210 agrestis

107 1216 263 1283 Ingredere,
283 1221 311 1270 et
328 1218 400 1269 votis
418 1218 472 1270 iam
490 1234 560 1270 nunc
578 1215 709 1270 adsuesce
727 1216 822 1270 vocari.
845 1241 846 1251 κ

140 1291 214 1345 Vere
231 1309 308 1358 novo,
327 1293 435 1360 gelidus
453 1294 527 1346 canis
545 1310 606 1346 oum
624 1292 763 1344 inentibus
781 1291 878 1344 humor

105 1367 234 1436 Liquitur
253 1372 281 1421 et
300 1368 422 1436 Zephyro
441 1369 530 1436 putris
548 1385 577 1421 se
595 1367 692 1435 glaeba
709 1366 827 1434 resolvit,

105 1442 241 1511 Depresso
259 1443 371 1512 incipiat
389 1443 443 1496 iam
460 1447 520 1497 tum
538 1443 605 1496 mihi
623 1447 717 1496 taurus
734 1446 825 1496 aratro
937 1455 961 1496 ss

105 1517 257 1586 ingemere,
277 1523 305 1572 et
323 1519 397 1572 sulco
415 1519 528 1572 attritus
547 1518 736 1586 splendescere
754 1535 854 1572 vomer.

105 1593 157 1648 Illa
175 1611 252 1662 seges
270 1595 380 1648 demum
398 1596 468 1650 votis
486 1595 633 1664 respondet
651 1595 724 1648 avari
803 1647 805 1653 ,

105 1670 258 1738 Agricolae,
277 1671 409 1741 hisquae
428 1673 518 1736 solem,
538 1671 581 1724 bis
600 1671 702 1738 frigora
721 1670 820 1737 sensit;

63 1759 65 1762 ’
106 1747 184 1800 Illius
202 1747 341 1801 inmensae
359 1751 493 1816 ruperunt
510 1749 610 1801 horrea
627 1763 737 1800 messes·

106 1823 146 1876 At
157 1823 233 1892 prius
245 1824 369 1891 ignotum
381 1825 455 1878 ferro
468 1841 550 1892 quam
564 1823 712 1876 scindimus
724 1839 835 1899 aequior,
935 1839 960 1878 ee

34 1949 37 1956 ,
109 1899 210 1952 Ventos
229 1904 257 1954 et
276 1901 381 1954 varium
399 1901 465 1954 caeli
484 1900 657 1969 praediscere
675 1894 800 1952 moreni*

105 1975 178 2028 Cura
196 1977 231 2030 sit
249 1993 280 2029 ae
297 1977 401 2044 patrios
419 1976 564 2044 cultusque
581 1975 745 2042 habitusque
763 1976 891 2043 locorum,

104 2051 141 2104 lit
154 2052 221 2120 quid
234 2069 358 2120 quaeque
370 2052 442 2105 ferat
454 2051 537 2118 regio,
550 2055 579 2104 et
591 2051 659 2118 quid
670 2066 796 2118 quaeque
814 2059 931 2105 recuset.

105 2127 160 2180 Hic
178 2133 293 2196 segetes
311 2128 366 2180 illio
383 2127 495 2180 veniunt
513 2127 617 2179 felicius
634 2144 720 2192 uvae;

104 2203 224 2258 Arborei
242 2204 316 2256 fetus
333 2202 405 2271 alibi,
425 2206 509 2271 atque
528 2203 630 2256 iniussa
648 2202 787 2256 virescunt
938 2217 961 2256 se

105 2280 242 2333 Gramina.
279 2278 377 2332 Nonne
394 2279 479 2344 vides,
499 2295 606 2333 croceos
624 2282 655 2334 ut
674 2279 783 2332 Tmolus
802 2279 908 2345 odores,

105 2351 186 2409 india
204 2356 291 2409 nrittit
310 2357 385 2423 ebur,
404 2356 498 2410 molles
518 2373 566 2410 sna
585 2359 648 2408 tura
667 2355 772 2421 Sabaei,

104 2434 145 2485 At
164 2431 298 2501 Chalybes
316 2432 382 2485 nudi
401 2433 511 2500 ferrum,
531 2429 675 2500 virosaque
694 2431 798 2484 Pontus

104 2507 241 2576 Castorea,
260 2509 387 2562 Eliadum
406 2509 509 2579 palmas
529 2507 626 2576 Epiros
644 2509 794 2576 equarum?

105 2583 240 2638 Continuo
258 2584 308 2638 has
325 2584 399 2652 leges
417 2588 584 2652 aeternaque
604 2583 715 2640 foedera
734 2583 818 2636 certis
938 2598 962 2634 eo

106 2659 230 2728 Inposuit
248 2664 346 2714 natura
363 2661 437 2730 locis,
457 2678 511 2730 quo
531 2663 655 2728 tempore
670 2659 790 2728 primum

107 2735 253 2790 Deucalion
271 2754 386 2791 vacuum
405 2737 511 2805 lapides
530 2736 641 2790 iactavit
659 2736 688 2788 in
706 2735 808 2796 orbem,

105 2811 186 2866 Unde
203 2813 327 2868 homines
345 2814 410 2880 nati,
431 2813 530 2866 durum
549 2829 640 2880 genus.
678 2811 750 2878 Ergo
769 2829 827 2879 age,
847 2814 939 2863 terreo

106 2889 211 2956 Pingue
230 2890 316 2942 solum
335 2889 430 2956 primis
451 2889 588 2956 extemplo
607 2888 780 2941 aulensibus
798 2887 862 2940 anni

105 2965 203 3018 Fortes
220 2966 357 3019 invertant
375 2965 455 3031 tauri,
473 2964 639 3032 glaebasque
656 2963 768 3015 iacentis
942 2975 966 3012 es

105 3039 300 3098 Pulverulenta
317 3044 418 3107 coquat
435 3040 549 3092 maturis
569 3039 670 3092 solibus
688 3043 777 3092 aestas
791 3059 797 3103 3

105 3119 146 3170 At
164 3117 187 3170 si
205 3134 259 3170 non
277 3117 362 3169 fuerit
381 3115 462 3169 tellus
480 3115 606 3181 fecunda,
625 3115 676 3166 sub
695 3115 783 3181 ipsum

106 3185 256 3248 Arcturum
273 3192 350 3246 tenui
369 3195 412 3245 sat
430 3193 483 3245 erit
502 3191 667 3260 suspendere
686 3189 775 3244 sulco:
