<?xml version="1.0" encoding="UTF-8"?>
<!DOCTYPE html PUBLIC "-//W3C//DTD XHTML 1.0 Transitional//EN"
    "http://www.w3.org/TR/xhtml1/DTD/xhtml1-transitional.dtd">
<html xmlns="http://www.w3.org/1999/xhtml" xml:lang="en" lang="en">
 <head>
  <title>
</title>
<meta http-equiv="Content-Type" content="text/html;charset=utf-8" />
  <meta name='ocr-system' content='tesseract 3.04.00' />
  <meta name='ocr-capabilities' content='ocr_page ocr_carea ocr_par ocr_line ocrx_word'/>
</head>
<body>
  <div class='ocr_page' id='page_1' title='image "./operaexrecensio03virggoog_0057.png"; bbox 0 0 2154 3518; ppageno 0'>
   <div class='ocr_carea' id='block_1_1' title="bbox 368 141 970 192">
    <p class='ocr_par' dir='ltr' id='par_1_1' title="bbox 368 141 970 192">
     <span class='ocr_line' id='line_1_1' title="bbox 368 141 970 192; baseline -0.003 0"><span class='ocrx_word' id='word_1_1' title='bbox 368 141 576 192; x_wconf 77' lang='lat' dir='ltr'><strong>GEORGIGON</strong></span> <span class='ocrx_word' id='word_1_2' title='bbox 592 142 662 190; x_wconf 91' lang='lat' dir='ltr'>LIB.</span> <span class='ocrx_word' id='word_1_3' title='bbox 682 141 719 190; x_wconf 91' lang='lat' dir='ltr'>II.</span> <span class='ocrx_word' id='word_1_4' title='bbox 941 145 970 191; x_wconf 72' lang='lat'>43</span> 
     </span>
    </p>
   </div>
   <div class='ocr_carea' id='block_1_2' title="bbox 108 221 970 1672">
    <p class='ocr_par' dir='ltr' id='par_1_2' title="bbox 109 221 889 368">
     <span class='ocr_line' id='line_1_2' title="bbox 109 221 885 293; baseline -0.003 -15"><span class='ocrx_word' id='word_1_5' title='bbox 109 225 277 293; x_wconf 81' lang='lat' dir='ltr'>llcspiecre;</span> <span class='ocrx_word' id='word_1_6' title='bbox 294 222 346 276; x_wconf 90' lang='lat' dir='ltr'>huc</span> <span class='ocrx_word' id='word_1_7' title='bbox 365 224 476 276; x_wconf 90' lang='lat' dir='ltr'>summis</span> <span class='ocrx_word' id='word_1_8' title='bbox 494 224 636 292; x_wconf 83' lang='lat' dir='ltr'>liquuntur</span> <span class='ocrx_word' id='word_1_9' title='bbox 654 221 768 292; x_wconf 77' lang='lat' dir='ltr'><strong>rupibus</strong></span> <span class='ocrx_word' id='word_1_10' title='bbox 785 237 885 290; x_wconf 84' lang='lat' dir='ltr'>amnes,</span> 
     </span>
     <span class='ocr_line' id='line_1_3' title="bbox 110 300 889 368; baseline -0.001 -14"><span class='ocrx_word' id='word_1_11' title='bbox 110 302 284 368; x_wconf 79' lang='lat' dir='ltr'>Felicemque</span> <span class='ocrx_word' id='word_1_12' title='bbox 303 300 416 354; x_wconf 77' lang='lat' dir='ltr'>trahrmt</span> <span class='ocrx_word' id='word_1_13' title='bbox 434 301 663 368; x_wconf 78' lang='lat' dir='ltr'>limmn--quique</span> <span class='ocrx_word' id='word_1_14' title='bbox 680 301 772 354; x_wconf 84' lang='lat' dir='ltr'>editus</span> <span class='ocrx_word' id='word_1_15' title='bbox 788 305 889 362; x_wconf 88' lang='lat' dir='ltr'>austro,</span> 
     </span>
    </p>

    <p class='ocr_par' dir='ltr' id='par_1_3' title="bbox 109 378 740 446">
     <span class='ocr_line' id='line_1_4' title="bbox 109 378 740 446; baseline -0.002 -14"><span class='ocrx_word' id='word_1_16' title='bbox 109 379 147 432; x_wconf 85' lang='lat' dir='ltr'>Et</span> <span class='ocrx_word' id='word_1_17' title='bbox 166 379 263 434; x_wconf 85' lang='lat' dir='ltr'>filicem</span> <span class='ocrx_word' id='word_1_18' title='bbox 282 378 371 431; x_wconf 82' lang='lat' dir='ltr'>curris</span> <span class='ocrx_word' id='word_1_19' title='bbox 390 378 502 432; x_wconf 83' lang='lat' dir='ltr'>invisam</span> <span class='ocrx_word' id='word_1_20' title='bbox 523 379 611 446; x_wconf 84' lang='lat' dir='ltr'>pascit</span> <span class='ocrx_word' id='word_1_21' title='bbox 628 379 740 432; x_wconf 81' lang='lat' dir='ltr'>aratris:</span> 
     </span>
    </p>

    <p class='ocr_par' dir='ltr' id='par_1_4' title="bbox 109 453 970 600">
     <span class='ocr_line' id='line_1_5' title="bbox 109 453 970 525; baseline -0.006 -16"><span class='ocrx_word' id='word_1_22' title='bbox 109 456 165 510; x_wconf 91' lang='lat' dir='ltr'>Hic</span> <span class='ocrx_word' id='word_1_23' title='bbox 183 455 233 509; x_wconf 86' lang='lat' dir='ltr'>libi</span> <span class='ocrx_word' id='word_1_24' title='bbox 251 454 420 525; x_wconf 84' lang='lat' dir='ltr'>praevalidas</span> <span class='ocrx_word' id='word_1_25' title='bbox 441 453 504 508; x_wconf 92' lang='lat' dir='ltr'>olim</span> <span class='ocrx_word' id='word_1_26' title='bbox 523 454 667 524; x_wconf 90' lang='lat' dir='ltr'>multoque</span> <span class='ocrx_word' id='word_1_27' title='bbox 684 455 794 509; x_wconf 88' lang='lat' dir='ltr'>fluentis</span> <span class='ocrx_word' id='word_1_28' title='bbox 935 467 970 505; x_wconf 84' lang='lat' dir='ltr'>rso</span> 
     </span>
     <span class='ocr_line' id='line_1_6' title="bbox 109 531 721 600; baseline -0.005 -12"><span class='ocrx_word' id='word_1_29' title='bbox 109 533 234 588; x_wconf 84' lang='lat' dir='ltr'>Sufficiet</span> <span class='ocrx_word' id='word_1_30' title='bbox 253 532 359 586; x_wconf 87' lang='lat' dir='ltr'>Baccho</span> <span class='ocrx_word' id='word_1_31' title='bbox 378 532 448 598; x_wconf 84' lang='lat' dir='ltr'>vitis,</span> <span class='ocrx_word' id='word_1_32' title='bbox 468 531 512 584; x_wconf 88' lang='lat' dir='ltr'>hie</span> <span class='ocrx_word' id='word_1_33' title='bbox 529 531 628 584; x_wconf 80' lang='lat' dir='ltr'>fertilis</span> <span class='ocrx_word' id='word_1_34' title='bbox 645 547 721 600; x_wconf 82' lang='lat' dir='ltr'>urae,</span> 
     </span>
    </p>

    <p class='ocr_par' dir='ltr' id='par_1_5' title="bbox 110 607 799 678">
     <span class='ocr_line' id='line_1_7' title="bbox 110 607 799 678; baseline -0.006 -12"><span class='ocrx_word' id='word_1_35' title='bbox 110 612 166 666; x_wconf 89' lang='lat' dir='ltr'>Hic</span> <span class='ocrx_word' id='word_1_36' title='bbox 183 611 278 674; x_wconf 84' lang='lat' dir='ltr'>laticis,</span> <span class='ocrx_word' id='word_1_37' title='bbox 297 610 405 678; x_wconf 87' lang='lat' dir='ltr'>qualem</span> <span class='ocrx_word' id='word_1_38' title='bbox 424 609 527 677; x_wconf 86' lang='lat' dir='ltr'>pateris</span> <span class='ocrx_word' id='word_1_39' title='bbox 546 607 661 660; x_wconf 80' lang='lat' dir='ltr'><strong>libamus</strong></span> <span class='ocrx_word' id='word_1_40' title='bbox 679 611 799 676; x_wconf 75' lang='lat' dir='ltr'>etcum,</span> 
     </span>
    </p>

    <p class='ocr_par' dir='ltr' id='par_1_6' title="bbox 110 684 847 832">
     <span class='ocr_line' id='line_1_8' title="bbox 110 684 847 754; baseline -0.004 -13"><span class='ocrx_word' id='word_1_41' title='bbox 110 687 222 742; x_wconf 83' lang='lat' dir='ltr'>Inflavit</span> <span class='ocrx_word' id='word_1_42' title='bbox 240 703 301 740; x_wconf 91' lang='lat' dir='ltr'>cum</span> <span class='ocrx_word' id='word_1_43' title='bbox 319 687 426 754; x_wconf 70' lang='lat' dir='ltr'>pingius</span> <span class='ocrx_word' id='word_1_44' title='bbox 445 685 513 739; x_wconf 90' lang='lat' dir='ltr'>ebur</span> <span class='ocrx_word' id='word_1_45' title='bbox 532 684 687 752; x_wconf 79' lang='lat' dir='ltr'>Tyrrhenus</span> <span class='ocrx_word' id='word_1_46' title='bbox 705 685 741 738; x_wconf 87' lang='lat' dir='ltr'>ad</span> <span class='ocrx_word' id='word_1_47' title='bbox 759 701 821 738; x_wconf 87' lang='lat' dir='ltr'>aras</span> <span class='ocrx_word' id='word_1_48' title='bbox 845 699 847 702; x_wconf 84' lang='lat'>·</span> 
     </span>
     <span class='ocr_line' id='line_1_9' title="bbox 110 760 807 832; baseline -0.006 -15"><span class='ocrx_word' id='word_1_49' title='bbox 110 765 247 818; x_wconf 87' lang='lat' dir='ltr'>Lancibus</span> <span class='ocrx_word' id='word_1_50' title='bbox 265 771 294 817; x_wconf 88' lang='lat' dir='ltr'>et</span> <span class='ocrx_word' id='word_1_51' title='bbox 312 762 409 832; x_wconf 83' lang='lat' dir='ltr'>pendis</span> <span class='ocrx_word' id='word_1_52' title='bbox 427 761 560 816; x_wconf 79' lang='lat' dir='ltr'><strong>fumantia</strong></span> <span class='ocrx_word' id='word_1_53' title='bbox 578 760 719 814; x_wconf 87' lang='lat' dir='ltr'>reddimus</span> <span class='ocrx_word' id='word_1_54' title='bbox 737 765 807 814; x_wconf 83' lang='lat' dir='ltr'>extu.</span> 
     </span>
    </p>

    <p class='ocr_par' dir='ltr' id='par_1_7' title="bbox 109 837 968 986">
     <span class='ocr_line' id='line_1_10' title="bbox 109 837 968 907; baseline -0.002 -13"><span class='ocrx_word' id='word_1_55' title='bbox 109 839 157 894; x_wconf 85' lang='lat' dir='ltr'>Sin</span> <span class='ocrx_word' id='word_1_56' title='bbox 176 843 299 896; x_wconf 86' lang='lat' dir='ltr'>armenta</span> <span class='ocrx_word' id='word_1_57' title='bbox 317 840 402 907; x_wconf 84' lang='lat' dir='ltr'>magis</span> <span class='ocrx_word' id='word_1_58' title='bbox 421 837 542 892; x_wconf 87' lang='lat' dir='ltr'>studium</span> <span class='ocrx_word' id='word_1_59' title='bbox 560 837 714 906; x_wconf 85' lang='lat' dir='ltr'>vitulosque</span> <span class='ocrx_word' id='word_1_60' title='bbox 732 838 809 906; x_wconf 85' lang='lat' dir='ltr'>tueri,</span> <span class='ocrx_word' id='word_1_61' title='bbox 937 851 968 892; x_wconf 76' lang='lat'>1⁹5</span> 
     </span>
     <span class='ocr_line' id='line_1_11' title="bbox 110 914 800 986; baseline -0.001 -17"><span class='ocrx_word' id='word_1_62' title='bbox 110 919 171 971; x_wconf 90' lang='lat' dir='ltr'>Aut</span> <span class='ocrx_word' id='word_1_63' title='bbox 187 916 262 971; x_wconf 81' lang='lat' dir='ltr'>fetus</span> <span class='ocrx_word' id='word_1_64' title='bbox 280 916 377 986; x_wconf 81' lang='lat' dir='ltr'>orimn,</span> <span class='ocrx_word' id='word_1_65' title='bbox 396 919 444 970; x_wconf 88' lang='lat' dir='ltr'>aut</span> <span class='ocrx_word' id='word_1_66' title='bbox 461 916 567 969; x_wconf 91' lang='lat' dir='ltr'>urentis</span> <span class='ocrx_word' id='word_1_67' title='bbox 585 914 659 968; x_wconf 85' lang='lat' dir='ltr'>culta</span> <span class='ocrx_word' id='word_1_68' title='bbox 676 915 800 984; x_wconf 85' lang='lat' dir='ltr'>capellas,</span> 
     </span>
    </p>

    <p class='ocr_par' dir='ltr' id='par_1_8' title="bbox 109 991 761 1060">
     <span class='ocr_line' id='line_1_12' title="bbox 109 991 761 1060; baseline -0.005 -13"><span class='ocrx_word' id='word_1_69' title='bbox 109 991 204 1048; x_wconf 78' lang='lat' dir='ltr'>Saltus</span> <span class='ocrx_word' id='word_1_70' title='bbox 221 997 250 1047; x_wconf 91' lang='lat' dir='ltr'>et</span> <span class='ocrx_word' id='word_1_71' title='bbox 269 993 354 1046; x_wconf 88' lang='lat' dir='ltr'>saturi</span> <span class='ocrx_word' id='word_1_72' title='bbox 372 993 460 1060; x_wconf 87' lang='lat' dir='ltr'>petito</span> <span class='ocrx_word' id='word_1_73' title='bbox 479 992 626 1060; x_wconf 87' lang='lat' dir='ltr'>longinqua</span> <span class='ocrx_word' id='word_1_74' title='bbox 644 991 761 1057; x_wconf 83' lang='lat' dir='ltr'>Tarenti,</span> 
     </span>
    </p>

    <p class='ocr_par' dir='ltr' id='par_1_9' title="bbox 109 1066 779 1138">
     <span class='ocr_line' id='line_1_13' title="bbox 109 1066 779 1138; baseline -0.003 -16"><span class='ocrx_word' id='word_1_75' title='bbox 109 1070 148 1124; x_wconf 79' lang='lat' dir='ltr'>ut</span> <span class='ocrx_word' id='word_1_76' title='bbox 167 1066 274 1138; x_wconf 89' lang='lat' dir='ltr'>qualem</span> <span class='ocrx_word' id='word_1_77' title='bbox 292 1069 386 1122; x_wconf 80' lang='lat' dir='ltr'>infelix</span> <span class='ocrx_word' id='word_1_78' title='bbox 404 1069 494 1122; x_wconf 86' lang='lat' dir='ltr'>amisit</span> <span class='ocrx_word' id='word_1_79' title='bbox 513 1067 628 1122; x_wconf 77' lang='lat' dir='ltr'><strong>Mantua</strong></span> <span class='ocrx_word' id='word_1_80' title='bbox 646 1085 779 1135; x_wconf 88' lang='lat' dir='ltr'>campum,</span> 
     </span>
    </p>

    <p class='ocr_par' dir='ltr' id='par_1_10' title="bbox 109 1144 778 1212">
     <span class='ocr_line' id='line_1_14' title="bbox 109 1144 778 1212; baseline -0.004 -12"><span class='ocrx_word' id='word_1_81' title='bbox 109 1144 272 1200; x_wconf 85' lang='lat' dir='ltr'>Pascentem</span> <span class='ocrx_word' id='word_1_82' title='bbox 290 1146 382 1200; x_wconf 80' lang='lat' dir='ltr'>niveos</span> <span class='ocrx_word' id='word_1_83' title='bbox 401 1145 517 1198; x_wconf 87' lang='lat' dir='ltr'>herboso</span> <span class='ocrx_word' id='word_1_84' title='bbox 536 1144 647 1198; x_wconf 88' lang='lat' dir='ltr'>flumine</span> <span class='ocrx_word' id='word_1_85' title='bbox 666 1161 778 1212; x_wconf 77' lang='lat' dir='ltr'>cycnos:</span> 
     </span>
    </p>

    <p class='ocr_par' dir='ltr' id='par_1_11' title="bbox 108 1220 968 1366">
     <span class='ocr_line' id='line_1_15' title="bbox 108 1220 968 1289; baseline 0.001 -15"><span class='ocrx_word' id='word_1_86' title='bbox 108 1222 172 1275; x_wconf 91' lang='lat' dir='ltr'>Non</span> <span class='ocrx_word' id='word_1_87' title='bbox 189 1221 286 1288; x_wconf 90' lang='lat' dir='ltr'>liquidi</span> <span class='ocrx_word' id='word_1_88' title='bbox 303 1220 431 1289; x_wconf 79' lang='lat' dir='ltr'>gregibus</span> <span class='ocrx_word' id='word_1_89' title='bbox 450 1220 547 1288; x_wconf 83' lang='lat' dir='ltr'>fontes,</span> <span class='ocrx_word' id='word_1_90' title='bbox 564 1237 618 1273; x_wconf 91' lang='lat' dir='ltr'>non</span> <span class='ocrx_word' id='word_1_91' title='bbox 635 1222 759 1288; x_wconf 87' lang='lat' dir='ltr'>gramina</span> <span class='ocrx_word' id='word_1_92' title='bbox 777 1220 900 1288; x_wconf 90' lang='lat' dir='ltr'>deerunt,</span> <span class='ocrx_word' id='word_1_93' title='bbox 932 1236 968 1275; x_wconf 81' lang='lat' dir='ltr'>aaa</span> 
     </span>
     <span class='ocr_line' id='line_1_16' title="bbox 109 1296 809 1366; baseline -0.003 -16"><span class='ocrx_word' id='word_1_94' title='bbox 109 1299 153 1366; x_wconf 84' lang='lat' dir='ltr'>Et,</span> <span class='ocrx_word' id='word_1_95' title='bbox 173 1301 306 1366; x_wconf 84' lang='lat' dir='ltr'>quantum</span> <span class='ocrx_word' id='word_1_96' title='bbox 324 1296 411 1364; x_wconf 82' lang='lat' dir='ltr'>longis</span> <span class='ocrx_word' id='word_1_97' title='bbox 429 1300 543 1364; x_wconf 88' lang='lat' dir='ltr'>carpent</span> <span class='ocrx_word' id='word_1_98' title='bbox 562 1299 686 1350; x_wconf 86' lang='lat' dir='ltr'>armenta</span> <span class='ocrx_word' id='word_1_99' title='bbox 705 1296 809 1360; x_wconf 83' lang='lat' dir='ltr'>diebus,</span> 
     </span>
    </p>

    <p class='ocr_par' dir='ltr' id='par_1_12' title="bbox 109 1373 767 1442">
     <span class='ocr_line' id='line_1_17' title="bbox 109 1373 767 1442; baseline -0.005 -15"><span class='ocrx_word' id='word_1_100' title='bbox 109 1374 215 1442; x_wconf 80' lang='lat' dir='ltr'>Exigua</span> <span class='ocrx_word' id='word_1_101' title='bbox 232 1377 340 1426; x_wconf 86' lang='lat' dir='ltr'>tantum</span> <span class='ocrx_word' id='word_1_102' title='bbox 358 1373 465 1440; x_wconf 88' lang='lat' dir='ltr'>gelidus</span> <span class='ocrx_word' id='word_1_103' title='bbox 482 1390 528 1425; x_wconf 89' lang='lat' dir='ltr'>ros</span> <span class='ocrx_word' id='word_1_104' title='bbox 546 1375 626 1425; x_wconf 89' lang='lat' dir='ltr'>nocte</span> <span class='ocrx_word' id='word_1_105' title='bbox 644 1375 767 1441; x_wconf 86' lang='lat' dir='ltr'>reponet.</span> 
     </span>
    </p>

    <p class='ocr_par' dir='ltr' id='par_1_13' title="bbox 108 1448 853 1518">
     <span class='ocr_line' id='line_1_18' title="bbox 108 1448 853 1518; baseline -0.007 -14"><span class='ocrx_word' id='word_1_106' title='bbox 108 1451 196 1518; x_wconf 84' lang='lat' dir='ltr'>Nigra</span> <span class='ocrx_word' id='word_1_107' title='bbox 214 1451 273 1503; x_wconf 87' lang='lat' dir='ltr'>fere</span> <span class='ocrx_word' id='word_1_108' title='bbox 292 1453 321 1503; x_wconf 87' lang='lat' dir='ltr'>et</span> <span class='ocrx_word' id='word_1_109' title='bbox 338 1465 432 1517; x_wconf 89' lang='lat' dir='ltr'>presse</span> <span class='ocrx_word' id='word_1_110' title='bbox 450 1449 556 1517; x_wconf 84' lang='lat' dir='ltr'>pinguis</span> <span class='ocrx_word' id='word_1_111' title='bbox 575 1448 625 1502; x_wconf 92' lang='lat' dir='ltr'>sub</span> <span class='ocrx_word' id='word_1_112' title='bbox 643 1464 753 1502; x_wconf 82' lang='lat' dir='ltr'>vomere</span> <span class='ocrx_word' id='word_1_113' title='bbox 771 1451 853 1513; x_wconf 86' lang='lat' dir='ltr'>terra,</span> 
     </span>
    </p>

    <p class='ocr_par' dir='ltr' id='par_1_14' title="bbox 109 1523 969 1672">
     <span class='ocr_line' id='line_1_19' title="bbox 109 1523 951 1595; baseline -0.006 -15"><span class='ocrx_word' id='word_1_114' title='bbox 109 1529 146 1580; x_wconf 76' lang='lat' dir='ltr'>lit</span> <span class='ocrx_word' id='word_1_115' title='bbox 164 1528 207 1580; x_wconf 89' lang='lat' dir='ltr'>eui</span> <span class='ocrx_word' id='word_1_116' title='bbox 225 1531 307 1595; x_wconf 87' lang='lat' dir='ltr'>putre</span> <span class='ocrx_word' id='word_1_117' title='bbox 326 1525 574 1593; x_wconf 71' lang='lat' dir='ltr'>solum-namque</span> <span class='ocrx_word' id='word_1_118' title='bbox 592 1524 642 1578; x_wconf 88' lang='lat' dir='ltr'>hoe</span> <span class='ocrx_word' id='word_1_119' title='bbox 660 1524 799 1578; x_wconf 85' lang='lat' dir='ltr'>imitamur</span> <span class='ocrx_word' id='word_1_120' title='bbox 817 1523 951 1576; x_wconf 87' lang='lat' dir='ltr'>arando-</span> 
     </span>
     <span class='ocr_line' id='line_1_20' title="bbox 109 1600 969 1672; baseline -0.005 -16"><span class='ocrx_word' id='word_1_121' title='bbox 109 1603 230 1672; x_wconf 85' lang='lat' dir='ltr'>Optuma</span> <span class='ocrx_word' id='word_1_122' title='bbox 248 1602 409 1665; x_wconf 88' lang='lat' dir='ltr'>frumentis;</span> <span class='ocrx_word' id='word_1_123' title='bbox 427 1617 480 1654; x_wconf 92' lang='lat' dir='ltr'>non</span> <span class='ocrx_word' id='word_1_124' title='bbox 499 1600 555 1654; x_wconf 91' lang='lat' dir='ltr'>ullo</span> <span class='ocrx_word' id='word_1_125' title='bbox 573 1617 607 1654; x_wconf 84' lang='lat' dir='ltr'>ex</span> <span class='ocrx_word' id='word_1_126' title='bbox 625 1616 744 1668; x_wconf 84' lang='lat' dir='ltr'>aequore</span> <span class='ocrx_word' id='word_1_127' title='bbox 762 1615 857 1652; x_wconf 88' lang='lat' dir='ltr'>cernes</span> <span class='ocrx_word' id='word_1_128' title='bbox 932 1612 969 1652; x_wconf 65' lang='lat' dir='ltr'>aas</span> 
     </span>
    </p>
   </div>
   <div class='ocr_carea' id='block_1_3' title="bbox 30 1675 870 1746">
    <p class='ocr_par' dir='ltr' id='par_1_15' title="bbox 30 1675 870 1746">
     <span class='ocr_line' id='line_1_21' title="bbox 30 1675 870 1746; baseline -0.007 -13"><span class='ocrx_word' id='word_1_129' title='bbox 30 1695 35 1711; x_wconf 91' lang='grc'><em>·</em></span> <span class='ocrx_word' id='word_1_130' title='bbox 110 1679 192 1732; x_wconf 87' lang='lat' dir='ltr'>Plura</span> <span class='ocrx_word' id='word_1_131' title='bbox 211 1679 320 1732; x_wconf 91' lang='lat' dir='ltr'>domum</span> <span class='ocrx_word' id='word_1_132' title='bbox 339 1678 426 1732; x_wconf 87' lang='lat' dir='ltr'>tardis</span> <span class='ocrx_word' id='word_1_133' title='bbox 445 1677 578 1732; x_wconf 84' lang='lat' dir='ltr'>decedere</span> <span class='ocrx_word' id='word_1_134' title='bbox 595 1677 718 1746; x_wconf 89' lang='lat' dir='ltr'>plaustra</span> <span class='ocrx_word' id='word_1_135' title='bbox 735 1675 870 1739; x_wconf 81' lang='lat' dir='ltr'>iuveneis3</span> 
     </span>
    </p>
   </div>
   <div class='ocr_carea' id='block_1_4' title="bbox 111 1754 969 3277">
    <p class='ocr_par' dir='ltr' id='par_1_16' title="bbox 111 1754 720 1808">
     <span class='ocr_line' id='line_1_22' title="bbox 111 1754 720 1808; baseline -0.002 0"><span class='ocrx_word' id='word_1_136' title='bbox 111 1760 169 1808; x_wconf 89' lang='lat' dir='ltr'>Aut</span> <span class='ocrx_word' id='word_1_137' title='bbox 185 1754 259 1808; x_wconf 90' lang='lat' dir='ltr'>unde</span> <span class='ocrx_word' id='word_1_138' title='bbox 277 1754 363 1808; x_wconf 91' lang='lat' dir='ltr'>iratus</span> <span class='ocrx_word' id='word_1_139' title='bbox 382 1754 477 1808; x_wconf 87' lang='lat' dir='ltr'>silvam</span> <span class='ocrx_word' id='word_1_140' title='bbox 496 1754 607 1808; x_wconf 84' lang='lat' dir='ltr'>devexit</span> <span class='ocrx_word' id='word_1_141' title='bbox 627 1758 720 1808; x_wconf 80' lang='lat' dir='ltr'>arator</span> 
     </span>
    </p>

    <p class='ocr_par' dir='ltr' id='par_1_17' title="bbox 111 1831 806 1900">
     <span class='ocr_line' id='line_1_23' title="bbox 111 1831 806 1900; baseline -0.007 -13"><span class='ocrx_word' id='word_1_142' title='bbox 111 1832 146 1888; x_wconf 78' lang='lat' dir='ltr'>ia</span> <span class='ocrx_word' id='word_1_143' title='bbox 162 1847 274 1885; x_wconf 86' lang='lat' dir='ltr'>nemora</span> <span class='ocrx_word' id='word_1_144' title='bbox 293 1831 393 1884; x_wconf 80' lang='lat' dir='ltr'>evertit</span> <span class='ocrx_word' id='word_1_145' title='bbox 412 1831 512 1884; x_wconf 90' lang='lat' dir='ltr'>multos</span> <span class='ocrx_word' id='word_1_146' title='bbox 531 1831 629 1898; x_wconf 85' lang='lat' dir='ltr'>ignava</span> <span class='ocrx_word' id='word_1_147' title='bbox 647 1849 697 1900; x_wconf 87' lang='lat' dir='ltr'>per</span> <span class='ocrx_word' id='word_1_148' title='bbox 715 1847 806 1894; x_wconf 83' lang='lat' dir='ltr'>annos,</span> 
     </span>
    </p>

    <p class='ocr_par' dir='ltr' id='par_1_18' title="bbox 111 1906 831 1979">
     <span class='ocr_line' id='line_1_24' title="bbox 111 1906 831 1979; baseline -0.007 -18"><span class='ocrx_word' id='word_1_149' title='bbox 111 1909 299 1979; x_wconf 67' lang='lat' dir='ltr'>antiquasque</span> <span class='ocrx_word' id='word_1_150' title='bbox 318 1907 414 1960; x_wconf 86' lang='lat' dir='ltr'>domos</span> <span class='ocrx_word' id='word_1_151' title='bbox 433 1907 522 1960; x_wconf 86' lang='lat' dir='ltr'>avium</span> <span class='ocrx_word' id='word_1_152' title='bbox 541 1924 602 1960; x_wconf 85' lang='lat' dir='ltr'>oum</span> <span class='ocrx_word' id='word_1_153' title='bbox 623 1908 753 1975; x_wconf 74' lang='lat' dir='ltr'>stirpibus</span> <span class='ocrx_word' id='word_1_154' title='bbox 770 1906 831 1959; x_wconf 92' lang='lat' dir='ltr'>imis</span> 
     </span>
    </p>

    <p class='ocr_par' dir='ltr' id='par_1_19' title="bbox 112 1983 969 2051">
     <span class='ocr_line' id='line_1_25' title="bbox 112 1983 969 2051; baseline -0.005 -15"><span class='ocrx_word' id='word_1_155' title='bbox 112 1983 284 2048; x_wconf 76' lang='lat' dir='ltr'>Emit31llae</span> <span class='ocrx_word' id='word_1_156' title='bbox 304 1983 388 2036; x_wconf 86' lang='lat' dir='ltr'>altum</span> <span class='ocrx_word' id='word_1_157' title='bbox 408 1983 478 2037; x_wconf 87' lang='lat' dir='ltr'>nidis</span> <span class='ocrx_word' id='word_1_158' title='bbox 497 1984 601 2051; x_wconf 90' lang='lat' dir='ltr'>petiere</span> <span class='ocrx_word' id='word_1_159' title='bbox 620 1983 740 2047; x_wconf 89' lang='lat' dir='ltr'>relictis;</span> <span class='ocrx_word' id='word_1_160' title='bbox 932 1992 969 2032; x_wconf 84' lang='lat'>210</span> 
     </span>
    </p>

    <p class='ocr_par' dir='ltr' id='par_1_20' title="bbox 112 2059 748 2132">
     <span class='ocr_line' id='line_1_26' title="bbox 112 2059 748 2132; baseline 0 -20"><span class='ocrx_word' id='word_1_161' title='bbox 112 2063 149 2121; x_wconf 76' lang='lat' dir='ltr'>At</span> <span class='ocrx_word' id='word_1_162' title='bbox 167 2059 243 2132; x_wconf 77' lang='lat' dir='ltr'>rudis</span> <span class='ocrx_word' id='word_1_163' title='bbox 262 2059 361 2112; x_wconf 80' lang='lat' dir='ltr'>enituit</span> <span class='ocrx_word' id='word_1_164' title='bbox 379 2059 484 2126; x_wconf 90' lang='lat' dir='ltr'>inpulso</span> <span class='ocrx_word' id='word_1_165' title='bbox 502 2075 612 2111; x_wconf 73' lang='lat' dir='ltr'>volnere</span> <span class='ocrx_word' id='word_1_166' title='bbox 630 2075 748 2127; x_wconf 86' lang='lat' dir='ltr'>campus.</span> 
     </span>
    </p>

    <p class='ocr_par' dir='ltr' id='par_1_21' title="bbox 112 2129 726 2204">
     <span class='ocr_line' id='line_1_27' title="bbox 112 2129 726 2204; baseline 0.002 -17"><span class='ocrx_word' id='word_1_167' title='bbox 112 2129 179 2188; x_wconf 79' lang='lat' dir='ltr'>Nam</span> <span class='ocrx_word' id='word_1_168' title='bbox 197 2137 288 2190; x_wconf 84' lang='lat' dir='ltr'>ieiuna</span> <span class='ocrx_word' id='word_1_169' title='bbox 307 2136 417 2204; x_wconf 88' lang='lat' dir='ltr'>quidem</span> <span class='ocrx_word' id='word_1_170' title='bbox 436 2135 527 2187; x_wconf 80' lang='lat' dir='ltr'>clivosi</span> <span class='ocrx_word' id='word_1_171' title='bbox 545 2133 638 2200; x_wconf 83' lang='lat' dir='ltr'>glarea</span> <span class='ocrx_word' id='word_1_172' title='bbox 656 2136 726 2188; x_wconf 90' lang='lat' dir='ltr'>ruris</span> 
     </span>
    </p>

    <p class='ocr_par' dir='ltr' id='par_1_22' title="bbox 113 2211 844 2280">
     <span class='ocr_line' id='line_1_28' title="bbox 113 2211 844 2280; baseline 0.004 -16"><span class='ocrx_word' id='word_1_173' title='bbox 113 2213 163 2264; x_wconf 86' lang='lat' dir='ltr'>Vix</span> <span class='ocrx_word' id='word_1_174' title='bbox 182 2212 290 2265; x_wconf 89' lang='lat' dir='ltr'>humilis</span> <span class='ocrx_word' id='word_1_175' title='bbox 308 2211 405 2280; x_wconf 84' lang='lat' dir='ltr'>apibus</span> <span class='ocrx_word' id='word_1_176' title='bbox 424 2213 509 2266; x_wconf 86' lang='lat' dir='ltr'>casias</span> <span class='ocrx_word' id='word_1_177' title='bbox 528 2226 673 2278; x_wconf 87' lang='lat' dir='ltr'>roremque</span> <span class='ocrx_word' id='word_1_178' title='bbox 690 2212 844 2269; x_wconf 80' lang='lat' dir='ltr'>ministrat:</span> 
     </span>
    </p>

    <p class='ocr_par' dir='ltr' id='par_1_23' title="bbox 113 2278 823 2356">
     <span class='ocr_line' id='line_1_29' title="bbox 113 2278 823 2356; baseline 0.001 -16"><span class='ocrx_word' id='word_1_179' title='bbox 113 2289 146 2342; x_wconf 84' lang='lat' dir='ltr'>Et</span> <span class='ocrx_word' id='word_1_180' title='bbox 163 2289 236 2341; x_wconf 84' lang='lat' dir='ltr'>tosus</span> <span class='ocrx_word' id='word_1_181' title='bbox 254 2289 354 2354; x_wconf 86' lang='lat' dir='ltr'>scaber,</span> <span class='ocrx_word' id='word_1_182' title='bbox 374 2293 403 2344; x_wconf 87' lang='lat' dir='ltr'>et</span> <span class='ocrx_word' id='word_1_183' title='bbox 422 2287 506 2355; x_wconf 84' lang='lat' dir='ltr'>nigris</span> <span class='ocrx_word' id='word_1_184' title='bbox 524 2303 606 2340; x_wconf 83' lang='lat' dir='ltr'>exesa</span> <span class='ocrx_word' id='word_1_185' title='bbox 623 2287 757 2356; x_wconf 83' lang='lat' dir='ltr'>chelydris</span> <span class='ocrx_word' id='word_1_186' title='bbox 810 2278 823 2298; x_wconf 73' lang='lat'><em>⁶</em></span> 
     </span>
    </p>

    <p class='ocr_par' dir='ltr' id='par_1_24' title="bbox 111 2363 968 2434">
     <span class='ocr_line' id='line_1_30' title="bbox 111 2363 968 2434; baseline -0.001 -14"><span class='ocrx_word' id='word_1_187' title='bbox 111 2365 195 2420; x_wconf 76' lang='lat' dir='ltr'>Greia</span> <span class='ocrx_word' id='word_1_188' title='bbox 211 2369 312 2433; x_wconf 88' lang='lat' dir='ltr'>negant</span> <span class='ocrx_word' id='word_1_189' title='bbox 331 2367 397 2420; x_wconf 89' lang='lat' dir='ltr'>alios</span> <span class='ocrx_word' id='word_1_190' title='bbox 417 2381 504 2434; x_wconf 88' lang='lat' dir='ltr'>aeque</span> <span class='ocrx_word' id='word_1_191' title='bbox 525 2363 697 2433; x_wconf 87' lang='lat' dir='ltr'>serpentibus</span> <span class='ocrx_word' id='word_1_192' title='bbox 716 2380 795 2432; x_wconf 87' lang='lat' dir='ltr'>agros</span> <span class='ocrx_word' id='word_1_193' title='bbox 932 2377 968 2420; x_wconf 71' lang='lat' dir='ltr'>alt</span> 
     </span>
    </p>

    <p class='ocr_par' dir='ltr' id='par_1_25' title="bbox 114 2439 880 2510">
     <span class='ocr_line' id='line_1_31' title="bbox 114 2439 880 2510; baseline -0.005 -16"><span class='ocrx_word' id='word_1_194' title='bbox 114 2442 222 2496; x_wconf 84' lang='lat' dir='ltr'>Dulcem</span> <span class='ocrx_word' id='word_1_195' title='bbox 240 2443 312 2496; x_wconf 87' lang='lat' dir='ltr'>ferre</span> <span class='ocrx_word' id='word_1_196' title='bbox 333 2442 422 2496; x_wconf 87' lang='lat' dir='ltr'>cibum</span> <span class='ocrx_word' id='word_1_197' title='bbox 442 2445 471 2494; x_wconf 87' lang='lat' dir='ltr'>et</span> <span class='ocrx_word' id='word_1_198' title='bbox 489 2457 583 2494; x_wconf 85' lang='lat' dir='ltr'>curvas</span> <span class='ocrx_word' id='word_1_199' title='bbox 604 2440 737 2510; x_wconf 85' lang='lat' dir='ltr'>praebere</span> <span class='ocrx_word' id='word_1_200' title='bbox 755 2439 880 2492; x_wconf 87' lang='lat' dir='ltr'>latebras.</span> 
     </span>
    </p>

    <p class='ocr_par' dir='ltr' id='par_1_26' title="bbox 112 2514 892 2586">
     <span class='ocr_line' id='line_1_32' title="bbox 112 2514 892 2586; baseline -0.008 -14"><span class='ocrx_word' id='word_1_201' title='bbox 112 2520 186 2584; x_wconf 82' lang='lat' dir='ltr'>Quae</span> <span class='ocrx_word' id='word_1_202' title='bbox 203 2522 313 2573; x_wconf 90' lang='lat' dir='ltr'>tenuem</span> <span class='ocrx_word' id='word_1_203' title='bbox 334 2518 445 2572; x_wconf 85' lang='lat' dir='ltr'>exhalat</span> <span class='ocrx_word' id='word_1_204' title='bbox 463 2517 589 2572; x_wconf 86' lang='lat' dir='ltr'>nebulam</span> <span class='ocrx_word' id='word_1_205' title='bbox 608 2519 752 2586; x_wconf 82' lang='lat' dir='ltr'>fumosque</span> <span class='ocrx_word' id='word_1_206' title='bbox 770 2514 892 2583; x_wconf 86' lang='lat' dir='ltr'>volucris,</span> 
     </span>
    </p>

    <p class='ocr_par' dir='ltr' id='par_1_27' title="bbox 113 2583 960 2664">
     <span class='ocr_line' id='line_1_33' title="bbox 113 2583 960 2664; baseline -0.007 -17"><span class='ocrx_word' id='word_1_207' title='bbox 113 2595 147 2648; x_wconf 82' lang='lat' dir='ltr'>lit</span> <span class='ocrx_word' id='word_1_208' title='bbox 164 2595 233 2648; x_wconf 89' lang='lat' dir='ltr'>bibit</span> <span class='ocrx_word' id='word_1_209' title='bbox 251 2595 398 2661; x_wconf 90' lang='lat' dir='ltr'>humorem,</span> <span class='ocrx_word' id='word_1_210' title='bbox 418 2599 454 2662; x_wconf 89' lang='lat' dir='ltr'>et,</span> <span class='ocrx_word' id='word_1_211' title='bbox 474 2612 535 2648; x_wconf 89' lang='lat' dir='ltr'>oum</span> <span class='ocrx_word' id='word_1_212' title='bbox 554 2594 619 2661; x_wconf 87' lang='lat' dir='ltr'>volt,</span> <span class='ocrx_word' id='word_1_213' title='bbox 640 2611 674 2648; x_wconf 87' lang='lat' dir='ltr'>ex</span> <span class='ocrx_word' id='word_1_214' title='bbox 692 2611 722 2647; x_wconf 89' lang='lat' dir='ltr'>se</span> <span class='ocrx_word' id='word_1_215' title='bbox 739 2595 798 2664; x_wconf 89' lang='lat' dir='ltr'>ipsa</span> <span class='ocrx_word' id='word_1_216' title='bbox 816 2583 960 2656; x_wconf 69' lang='lat' dir='ltr'>remittits&#39;</span> 
     </span>
    </p>

    <p class='ocr_par' dir='ltr' id='par_1_28' title="bbox 113 2669 847 2746">
     <span class='ocr_line' id='line_1_34' title="bbox 113 2669 847 2746; baseline -0.005 -20"><span class='ocrx_word' id='word_1_217' title='bbox 113 2675 241 2746; x_wconf 75' lang='lat' dir='ltr'>Quaeque</span> <span class='ocrx_word' id='word_1_218' title='bbox 259 2691 307 2728; x_wconf 88' lang='lat' dir='ltr'>suo</span> <span class='ocrx_word' id='word_1_219' title='bbox 327 2689 433 2742; x_wconf 89' lang='lat' dir='ltr'>semper</span> <span class='ocrx_word' id='word_1_220' title='bbox 453 2671 548 2726; x_wconf 85' lang='lat' dir='ltr'>viridis</span> <span class='ocrx_word' id='word_1_221' title='bbox 569 2689 598 2726; x_wconf 86' lang='lat' dir='ltr'>sc</span> <span class='ocrx_word' id='word_1_222' title='bbox 617 2673 739 2740; x_wconf 86' lang='lat' dir='ltr'>gramine</span> <span class='ocrx_word' id='word_1_223' title='bbox 756 2669 847 2734; x_wconf 81' lang='lat' dir='ltr'>restit,</span> 
     </span>
    </p>

    <p class='ocr_par' dir='ltr' id='par_1_29' title="bbox 114 2747 968 2816">
     <span class='ocr_line' id='line_1_35' title="bbox 114 2747 968 2816; baseline -0.009 -14"><span class='ocrx_word' id='word_1_224' title='bbox 114 2751 169 2803; x_wconf 90' lang='lat' dir='ltr'>Nec</span> <span class='ocrx_word' id='word_1_225' title='bbox 187 2751 276 2803; x_wconf 83' lang='lat' dir='ltr'>scabie</span> <span class='ocrx_word' id='word_1_226' title='bbox 295 2755 324 2804; x_wconf 91' lang='lat' dir='ltr'>et</span> <span class='ocrx_word' id='word_1_227' title='bbox 343 2747 414 2802; x_wconf 88' lang='lat' dir='ltr'>salsa</span> <span class='ocrx_word' id='word_1_228' title='bbox 433 2748 520 2804; x_wconf 88' lang='lat' dir='ltr'>laedit</span> <span class='ocrx_word' id='word_1_229' title='bbox 539 2747 661 2816; x_wconf 88' lang='lat' dir='ltr'>robigine</span> <span class='ocrx_word' id='word_1_230' title='bbox 679 2748 790 2814; x_wconf 83' lang='lat' dir='ltr'>ferrum,</span> <span class='ocrx_word' id='word_1_231' title='bbox 931 2755 968 2794; x_wconf 82' lang='lat' dir='ltr'>sao</span> 
     </span>
    </p>

    <p class='ocr_par' dir='ltr' id='par_1_30' title="bbox 114 2825 686 2892">
     <span class='ocr_line' id='line_1_36' title="bbox 114 2825 686 2892; baseline -0.002 -14"><span class='ocrx_word' id='word_1_232' title='bbox 114 2827 164 2878; x_wconf 88' lang='lat' dir='ltr'>llla</span> <span class='ocrx_word' id='word_1_233' title='bbox 181 2825 232 2879; x_wconf 92' lang='lat' dir='ltr'>tibi</span> <span class='ocrx_word' id='word_1_234' title='bbox 249 2827 329 2880; x_wconf 88' lang='lat' dir='ltr'>laetis</span> <span class='ocrx_word' id='word_1_235' title='bbox 347 2827 453 2880; x_wconf 85' lang='lat' dir='ltr'>intexet</span> <span class='ocrx_word' id='word_1_236' title='bbox 473 2825 573 2879; x_wconf 84' lang='lat' dir='ltr'>vitibus</span> <span class='ocrx_word' id='word_1_237' title='bbox 591 2825 686 2892; x_wconf 87' lang='lat' dir='ltr'>ulmos,</span> 
     </span>
    </p>

    <p class='ocr_par' dir='ltr' id='par_1_31' title="bbox 114 2899 807 2968">
     <span class='ocr_line' id='line_1_37' title="bbox 114 2899 807 2968; baseline -0.004 -14"><span class='ocrx_word' id='word_1_238' title='bbox 114 2903 165 2955; x_wconf 89' lang='lat' dir='ltr'>llla</span> <span class='ocrx_word' id='word_1_239' title='bbox 181 2903 257 2958; x_wconf 84' lang='lat' dir='ltr'>ferax</span> <span class='ocrx_word' id='word_1_240' title='bbox 276 2904 352 2958; x_wconf 86' lang='lat' dir='ltr'>oleae</span> <span class='ocrx_word' id='word_1_241' title='bbox 370 2908 420 2968; x_wconf 90' lang='lat' dir='ltr'>est,</span> <span class='ocrx_word' id='word_1_242' title='bbox 439 2903 513 2957; x_wconf 88' lang='lat' dir='ltr'>illam</span> <span class='ocrx_word' id='word_1_243' title='bbox 535 2900 676 2968; x_wconf 83' lang='lat' dir='ltr'>experiere</span> <span class='ocrx_word' id='word_1_244' title='bbox 693 2899 807 2954; x_wconf 87' lang='lat' dir='ltr'>colendo</span> 
     </span>
    </p>

    <p class='ocr_par' dir='ltr' id='par_1_32' title="bbox 114 2972 813 3048">
     <span class='ocr_line' id='line_1_38' title="bbox 114 2972 813 3048; baseline -0.004 -16"><span class='ocrx_word' id='word_1_245' title='bbox 114 2980 149 3033; x_wconf 84' lang='lat' dir='ltr'>llt</span> <span class='ocrx_word' id='word_1_246' title='bbox 166 2981 271 3034; x_wconf 78' lang='lat' dir='ltr'>facilem</span> <span class='ocrx_word' id='word_1_247' title='bbox 290 2981 381 3047; x_wconf 85' lang='lat' dir='ltr'>pecori</span> <span class='ocrx_word' id='word_1_248' title='bbox 399 2984 429 3033; x_wconf 90' lang='lat' dir='ltr'>et</span> <span class='ocrx_word' id='word_1_249' title='bbox 446 2980 597 3048; x_wconf 86' lang='lat' dir='ltr'>patientem</span> <span class='ocrx_word' id='word_1_250' title='bbox 616 2975 732 3030; x_wconf 81' lang='lat' dir='ltr'>vomeris</span> <span class='ocrx_word' id='word_1_251' title='bbox 749 2972 813 3029; x_wconf 78' lang='lat' dir='ltr'>una</span> 
     </span>
    </p>

    <p class='ocr_par' dir='ltr' id='par_1_33' title="bbox 114 3051 767 3122">
     <span class='ocr_line' id='line_1_39' title="bbox 114 3051 767 3122; baseline -0.011 -12"><span class='ocrx_word' id='word_1_252' title='bbox 114 3057 204 3110; x_wconf 80' lang='lat' dir='ltr'>Talem</span> <span class='ocrx_word' id='word_1_253' title='bbox 224 3057 300 3110; x_wconf 88' lang='lat' dir='ltr'>dives</span> <span class='ocrx_word' id='word_1_254' title='bbox 317 3061 378 3109; x_wconf 88' lang='lat' dir='ltr'>arat</span> <span class='ocrx_word' id='word_1_255' title='bbox 397 3055 489 3122; x_wconf 81' lang='lat' dir='ltr'>Capua</span> <span class='ocrx_word' id='word_1_256' title='bbox 507 3059 536 3107; x_wconf 91' lang='lat' dir='ltr'>et</span> <span class='ocrx_word' id='word_1_257' title='bbox 554 3054 641 3107; x_wconf 82' lang='lat' dir='ltr'>vicina</span> <span class='ocrx_word' id='word_1_258' title='bbox 661 3051 767 3104; x_wconf 87' lang='lat' dir='ltr'>Vesevo</span> 
     </span>
    </p>

    <p class='ocr_par' dir='ltr' id='par_1_34' title="bbox 115 3125 962 3277">
     <span class='ocr_line' id='line_1_40' title="bbox 115 3125 962 3200; baseline -0.011 -16"><span class='ocrx_word' id='word_1_259' title='bbox 115 3130 169 3186; x_wconf 84' lang='lat' dir='ltr'>Ora</span> <span class='ocrx_word' id='word_1_260' title='bbox 186 3133 248 3200; x_wconf 83' lang='lat' dir='ltr'>iugo</span> <span class='ocrx_word' id='word_1_261' title='bbox 267 3135 297 3184; x_wconf 92' lang='lat' dir='ltr'>et</span> <span class='ocrx_word' id='word_1_262' title='bbox 314 3132 403 3184; x_wconf 87' lang='lat' dir='ltr'>vacuis</span> <span class='ocrx_word' id='word_1_263' title='bbox 423 3130 531 3183; x_wconf 81' lang='lat' dir='ltr'>Clanius</span> <span class='ocrx_word' id='word_1_264' title='bbox 548 3147 602 3183; x_wconf 93' lang='lat' dir='ltr'>non</span> <span class='ocrx_word' id='word_1_265' title='bbox 620 3143 722 3196; x_wconf 86' lang='lat' dir='ltr'>aequus</span> <span class='ocrx_word' id='word_1_266' title='bbox 741 3125 859 3179; x_wconf 87' lang='lat' dir='ltr'>Acerris.</span> <span class='ocrx_word' id='word_1_267' title='bbox 928 3131 962 3168; x_wconf 60' lang='lat' dir='ltr'>aaa</span> 
     </span>
     <span class='ocr_line' id='line_1_41' title="bbox 149 3200 931 3277; baseline -0.014 -15"><span class='ocrx_word' id='word_1_268' title='bbox 149 3208 234 3275; x_wconf 89' lang='lat' dir='ltr'>Nunc,</span> <span class='ocrx_word' id='word_1_269' title='bbox 248 3223 302 3276; x_wconf 88' lang='lat' dir='ltr'>quo</span> <span class='ocrx_word' id='word_1_270' title='bbox 314 3223 451 3277; x_wconf 70' lang='lat' dir='ltr'>quamque</span> <span class='ocrx_word' id='word_1_271' title='bbox 462 3207 543 3260; x_wconf 90' lang='lat' dir='ltr'>modo</span> <span class='ocrx_word' id='word_1_272' title='bbox 554 3205 641 3275; x_wconf 89' lang='lat' dir='ltr'>possis</span> <span class='ocrx_word' id='word_1_273' title='bbox 653 3217 823 3270; x_wconf 85' lang='lat' dir='ltr'>cognoscere,</span> <span class='ocrx_word' id='word_1_274' title='bbox 836 3200 931 3253; x_wconf 87' lang='lat' dir='ltr'>dicam.</span> 
     </span>
    </p>
   </div>
   <div class='ocr_carea' id='block_1_5' title="bbox 0 0 1087 3518">
    <p class='ocr_par' dir='ltr' id='par_1_35' title="bbox 0 0 1087 3518">
     <span class='ocr_line' id='line_1_42' title="bbox 0 0 1087 3518; baseline 0 0"><span class='ocrx_word' id='word_1_275' title='bbox 0 0 1087 3518; x_wconf 95' lang='lat' dir='ltr'> </span> 
     </span>
    </p>
   </div>
  </div>
 </body>
</html>
