2174 3502
356 143 542 192 AENEIDOS
564 143 634 194 LIB.
655 143 707 193 IX.
921 147 967 197 255

107 223 165 279 Sed
182 245 313 296 maguum
330 232 457 283 metuens
474 243 504 280 se
521 230 584 295 post
601 230 709 281 cratera
725 227 850 295 tegebat:

106 301 227 358 Pectore
244 305 273 357 in
291 305 406 360 adverso
423 307 513 358 totum
532 303 575 356 cui
593 303 742 356 comminus
761 320 853 357 ensem

107 379 241 434 Condidit
258 380 428 449 adsurgenti,
446 383 475 434 et
493 380 580 433 multa
597 384 685 432 morte
704 381 814 448 recepit.

108 455 280 524 Purpuream
295 459 381 514 vomit
398 457 444 511 ille
462 457 587 523 animam,
600 461 629 510 et
647 473 708 509 cum
727 457 856 523 sanguine
873 458 960 512 mixta

106 533 182 586 Vina
200 535 288 589 refert
305 535 438 598 moriens;
461 533 504 585 hic
521 533 596 585 farto
613 533 734 585 fervidus
751 533 843 586 instat.
924 548 961 587 aso

103 608 226 678 lamque
243 610 280 664 ad
298 610 417 678 Messapi
436 610 522 662 socios
539 608 687 672 teudebat;
710 609 748 662 ibi
766 609 855 676 ignem

107 685 236 740 Deficere
254 690 408 740 extremum
427 689 456 738 et
473 685 604 751 religatos
622 685 675 737 rite
693 684 805 738 videbat

107 761 230 830 Carpere
248 779 360 830 gramen
379 778 478 830 equos:
498 760 621 814 breviter
639 777 700 814 cum
718 761 784 814 talia
802 762 827 814 N
830 762 921 814 isus-

107 839 201 892 Sensit
219 841 291 892 enim
309 839 393 892 nimia
410 838 493 892 caede
512 841 596 904 atque
614 836 742 906 cupidine
759 838 860 891 ferri-

107 915 292 982 Absistarnus,
312 916 366 980 ait,
391 931 454 968 uam
472 914 520 976 lun
538 913 647 965 inimica
665 913 840 981 propinquat
924 930 960 967 ss.

108 991 263 1044 Poenarum
282 991 446 1044 exhaustum
465 990 533 1042 satis
551 993 608 1052 est;
634 989 678 1042 ria
696 989 768 1043 sacta
784 1007 836 1058 per
853 990 948 1045 hostis.

106 1066 198 1119 Multa
217 1068 304 1120 virum
324 1067 410 1120 solido
428 1069 541 1134 argento
559 1066 681 1133 perfecta
697 1065 856 1133 relinquunt

108 1145 251 1212 Armaque
270 1147 444 1210 craterasque
462 1141 542 1194 simul
559 1141 740 1209 pulchrosque
759 1145 873 1210 tapetas.

2 1269 3 1276 ,
106 1219 244 1286 Euryalus
261 1219 386 1288 phaleras
406 1217 568 1271 Rhamnetis
585 1222 615 1270 ot
633 1233 716 1270 aurea
733 1216 814 1270 bullis

107 1295 231 1363 Cingula,
250 1296 356 1348 Tiburti
375 1294 491 1348 Remulo
509 1293 662 1346 ditissimus
680 1293 743 1345 olim
924 1307 960 1346 aco

106 1371 185 1435 Quae
204 1371 291 1424 mittit
309 1371 388 1437 dona,
406 1370 524 1438 hospitio
543 1385 604 1422 cum
622 1370 749 1436 iungeret
767 1370 872 1435 absens,

106 1447 256 1511 Caedicus;
279 1447 326 1500 ille
345 1464 393 1500 suo
411 1447 529 1499 moriens
548 1445 597 1498 dat
615 1443 717 1496 habere
735 1445 843 1511 nopoti3

106 1523 176 1576 Post
193 1528 309 1577 mortem
328 1523 399 1576 bello
419 1521 514 1575 Rutuli
533 1537 678 1589 pugnaque
695 1520 791 1588 potiti;

106 1599 187 1653 Haec
204 1601 285 1668 rapit,
304 1604 388 1668 atque
405 1597 527 1651 humoris
545 1597 712 1664 nequiquam
731 1594 847 1649 sortibus
865 1597 950 1662 aptat.

106 1675 177 1728 Tum
195 1674 302 1742 galeam
321 1674 441 1742 Messapi
460 1673 579 1726 habilem
598 1672 743 1739 cristisque
762 1672 887 1725 decoram
923 1685 959 1724 aaa
1066 1685 1069 1690 ·

84 1819 88 1824 Ι
106 1751 213 1804 Induit.
250 1751 394 1804 Excedunt
413 1749 516 1812 castris,
535 1753 564 1802 et
582 1753 643 1800 tuta
662 1750 814 1816 capessunt.

143 1827 256 1881 Interea
273 1826 414 1896 praemissi
433 1826 539 1893 equites
558 1841 592 1877 ex
610 1823 678 1876 urbe
698 1823 802 1889 Latina,

1 1949 2 1958 ,
106 1904 208 1958 Cetera
226 1903 292 1956 dum
310 1902 382 1969 legio
400 1901 503 1969 campis
520 1901 654 1953 instructa
672 1903 802 1966 moratur,

106 1973 192 2033 Ibant
210 1982 240 2032 ct
258 1979 349 2031 Turno
366 1978 426 2045 regi
444 1993 576 2044 responsa
594 1975 728 2041 serebant,

106 2057 296 2121 Tercentum,
316 2055 415 2108 scutati
433 2069 534 2119 omnes,
554 2051 700 2104 Volsccntc
718 2050 857 2116 magistro.
923 2064 959 2102 aro

107 2133 223 2199 Iamque
242 2129 461 2200 propinquabant
479 2129 584 2194 castris,
603 2143 735 2194 muroque
753 2125 890 2193 subibant,

106 2209 176 2262 Cum
194 2207 289 2275 procul
307 2207 356 2259 hos
375 2206 451 2258 laevo
470 2204 606 2258 flectentis
624 2203 712 2255 limite
730 2205 853 2269 cernunt,

107 2286 143 2337 ut
161 2284 240 2351 galea
259 2281 405 2350 Empulum
425 2280 556 2333 sublustri
573 2279 661 2332 noctis
678 2278 707 2330 in
724 2278 823 2331 umbra

107 2359 236 2414 Prodidit
253 2359 430 2412 inmemorem
448 2356 587 2423 radiisque
605 2355 720 2408 adversa
738 2355 854 2408 refulsit.

107 2435 192 2489 Haud
217 2438 323 2489 temere
340 2437 384 2487 est
401 2433 499 2486 visum.
536 2431 694 2486 Conclamat
713 2430 747 2484 ab
767 2431 875 2498 aguliae
893 2430 957 2483 Vol-

177 2527 269 2565 scens:
922 2521 958 2560 ara

107 2588 193 2653 State,
214 2585 282 2650 viri;
306 2602 376 2654 quac
395 2601 490 2639 caussa
507 2584 584 2638 viaet
609 2584 689 2650 quive
707 2581 774 2635 e‘stis
792 2583 819 2634 in
838 2582 938 2636 arruisl

107 2664 202 2728 Quove
220 2662 322 2716 tenetis
339 2662 410 2716 iterl
435 2660 510 2714 Nihil
528 2660 567 2713 illi
585 2659 700 2712 tendere
718 2661 820 2727 eontra,

1 2801 2 2806 ἵ
107 2739 164 2794 Sed
181 2739 303 2793 celerare
320 2738 414 2806 fugam
431 2737 460 2789 in
476 2736 558 2789 silvas
578 2739 607 2788 et
624 2735 710 2788 fidere
729 2734 808 2790 nocti.

106 2815 249 2869 Obiiciunt
267 2814 376 2883 equites
394 2830 454 2867 sese
472 2812 507 2865 ad
526 2813 643 2864 divortia
660 2814 725 2864 nota

107 2890 353 2959 Hincatquehiuc,
363 2905 525 2956 omnemque
537 2887 642 2942 abitum
655 2887 768 2942 custode
778 2890 958 2940 coronautsso

107 2969 182 3022 Silva
199 2967 253 3020 fuit
270 2967 327 3019 late
345 2966 435 3019 drunis
453 2969 536 3033 atque
555 2965 616 3017 ilice
634 2966 713 3032 nigra

107 3043 339 3111 Horridavquam
358 3042 438 3095 densi
456 3041 616 3108 conplerant
634 3040 756 3105 undique
774 3039 866 3090 sentes
872 3057 881 3104 ;

107 3119 183 3174 Rara
200 3135 249 3186 por
267 3118 385 3172 occultos
403 3117 513 3170 lucebat
531 3116 629 3168 semita
647 3114 735 3168 calles.

106 3194 257 3266 Euryalum
274 3193 407 3250 tenebrae
426 3195 562 3247 taurorum
580 3201 748 3256 onerosaque
765 3187 869 3255 praeda
