2152 3506
356 213 563 264 GEORGIOON
582 214 651 264 LlB.
671 215 716 264 IV.
926 214 958 265 73

100 297 209 352 Sideris
226 300 254 350 in
271 313 412 350 mmrcrum
430 299 513 364 atque
530 297 586 350 alto
604 295 748 351 succedere
765 296 845 350 eaelo.

140 373 298 442 Siquando
317 371 409 426 sedem
428 376 571 440 angustam
591 377 750 441 servataque
767 372 848 426 mella

102 450 251 503 Thesauris
270 449 375 515 relines,
394 450 468 517 prius
487 449 587 502 haustu
605 467 714 518 sparsus
732 466 862 518 aquarum

103 524 164 591 Ora
181 525 250 592 fove,
267 524 408 593 furuasque
427 543 507 578 manu
525 525 676 593 praetende
696 526 823 594 sequacis.

103 601 154 654 Bis
172 601 300 668 gravidos
318 604 417 667 cogunt
436 601 515 668 fetus,
535 602 589 654 duo
607 606 729 669 tempora
747 601 849 667 messis,

103 677 227 744 Taygete
246 676 322 729 simul
340 692 371 729 os
389 678 471 730 terris
489 678 610 730 ostendit
629 677 773 738 honestum

105 753 180 806 Plias
198 755 226 806 et
246 752 345 805 Oceani
364 757 470 819 spretos
487 753 558 820 pede
577 754 696 822 reppulit
714 755 807 822 amnis,

107 831 166 881 Aut
185 828 280 881 eadem
300 828 374 881 sidus
390 829 496 896 fugiens
514 829 560 882 ubi
580 830 664 882 Piscis
682 832 773 898 aquosi

104 903 221 957 Tristior
238 903 367 958 hibernas
384 905 458 958 eaelo
477 904 618 959 deseendit
635 905 663 959 in
681 906 774 959 undas.

106 979 166 1032 Illis
183 979 225 1032 ira
242 979 352 1033 modum
371 999 452 1050 supra
470 985 520 1046 est,
538 982 680 1051 laesaeque
699 999 830 1036 venenum

106 1054 244 1108 Morsibus
261 1055 400 1124 inspirant,
420 1061 449 1110 et
467 1058 568 1124 splenia
586 1074 664 1112 caeca
683 1059 837 1126 relinquunt

107 1131 226 1184 Adfixae
244 1131 326 1198 venis,
343 1135 499 1202 animasque
517 1133 545 1186 in
563 1135 671 1188 volnere
689 1140 799 1203 ponunt.

106 1207 153 1260 Sin
173 1207 269 1260 duram
287 1212 393 1261 metues
411 1209 528 1264 hiemem
546 1227 695 1279 parcesque
713 1213 805 1265 futuro

106 1284 313 1351 Contnnsosque
331 1285 433 1338 animos
452 1290 480 1340 et
498 1304 542 1338 res
560 1287 724 1340 miserabere
742 1289 855 1342 fractas:

108 1361 147 1411 At
166 1359 257 1411 suffire
276 1359 369 1428 thymo
387 1378 518 1430 cerasque
535 1363 658 1416 recidere
676 1365 762 1416 inanis

108 1435 175 1498 Quis
194 1433 318 1488 dubitem
340 1453 403 1488 nam
422 1454 502 1505 saepe
521 1439 596 1491 faros
614 1438 723 1506 ignotus
741 1440 834 1492 adedit

107 1509 203 1563 Stellio
222 1513 251 1563 et
269 1510 393 1579 lucifugis
412 1518 540 1581 congesta
558 1514 656 1568 cubilia
674 1515 768 1569 blattis

108 1584 295 1657 lmmunisque
315 1587 412 1642 sedens
430 1591 517 1643 aliena
534 1590 570 1643 ad
588 1591 687 1658 pabula
706 1593 790 1659 fucus,

109 1663 168 1716 Aut
186 1680 265 1731 asper
282 1664 378 1718 crabro
396 1667 535 1735 inparibus
553 1686 582 1722 se
601 1669 737 1723 inmiscuit
755 1671 844 1734 armis,

109 1739 167 1792 Aut
185 1739 283 1806 dirum,
301 1728 392 1808 tibiae,
411 1760 504 1810 genus,
522 1748 569 1797 aut
587 1745 673 1798 invisa
692 1747 831 1800 Minervae

109 1813 196 1867 Laxos
214 1816 242 1868 in
260 1816 362 1870 foribus
380 1819 521 1887 suspendit
539 1837 639 1874 aranea
656 1839 751 1876 casses.

109 1889 167 1954 Quo
185 1892 270 1959 magis
290 1894 437 1947 exhaustae
448 1895 562 1960 luerint,
581 1897 631 1950 hoc
650 1899 736 1951 acrius
754 1916 847 1952 onmes

110 1966 271 2020 incumbent
288 1971 396 2036 generis
414 1970 482 2040 lapsi
500 1974 599 2026 sarcire
618 1975 715 2042 ruinas,

110 2041 333 2112 Conplebuntque
351 2047 424 2098 fores
442 2051 471 2100 et
490 2048 600 2101 floribus
618 2051 714 2103 horrea
732 2056 834 2104 tenent.

143 2118 170 2172 si
188 2135 258 2184 vero,
277 2123 402 2188 quoniam
420 2140 498 2176 casus
516 2125 610 2191 apibus
628 2143 735 2194 qnoque
753 2131 860 2180 nostros

111 2193 175 2248 Vita
193 2196 263 2263 tulit,
283 2198 355 2250 tristi
373 2198 542 2266 languebunt
559 2217 672 2269 corpora
690 2203 784 2255 morbo
794 2225 833 2268 ;—

111 2270 188 2334 Quod
205 2273 258 2325 iam
277 2290 330 2326 non
349 2274 438 2327 dubiis
456 2277 559 2343 poteris
578 2295 739 2346 cognoscere
758 2281 853 2347 signis:

112 2346 242 2401 Continuo
261 2354 303 2403 est
321 2352 410 2418 aegris
429 2353 496 2406 alius
515 2354 602 2419 color;
622 2356 733 2408 horrida
751 2357 853 2410 voltum

111 2421 251 2479 Deformat
269 2429 382 2493 macies;
403 2433 460 2481 tum
480 2447 592 2500 corpora
611 2432 669 2485 luce
688 2438 827 2485 carentum
922 2448 932 2472 ⁰

112 2499 262 2568 &portant
280 2505 360 2556 teetis
378 2509 408 2558 et
426 2506 515 2560 tristia
533 2507 628 2560 funera
647 2509 765 2574 ducunt;

113 2576 169 2628 Aut
186 2575 249 2630 illae
268 2581 385 2646 pedibus
403 2598 541 2636 connexae
559 2585 594 2636 ad
613 2585 706 2638 limina
724 2587 852 2654 pendent,

113 2653 168 2704 Aut
184 2653 258 2706 intus
276 2655 372 2718 clausis
391 2663 553 2713 cunctantur
570 2661 597 2713 iu
617 2661 737 2730 aedibus,
756 2679 848 2716 ornnes

116 2728 125 2778 l
128 2743 283 2798 gnataeque
301 2733 373 2787 famo
391 2738 419 2788 et
438 2739 576 2790 contracto
594 2738 694 2806 frigore
712 2740 812 2808 pigrae.

113 2801 177 2856 Turn
195 2821 275 2859 sonus
293 2809 404 2863 auditur
421 2813 537 2880 gravior,
555 2816 721 2884 tractimque
740 2819 888 2882 susurrant,

114 2878 238 2948 Frigidus
256 2888 287 2937 ut
305 2886 441 2954 quondam
460 2889 532 2942 silvis
550 2891 730 2946 inmurmurat
750 2895 868 2956 Auster;

113 2953 150 3008 Ut
167 2971 241 3011 mare
260 2960 402 3016 sollicitum
422 2965 514 3018 stridit
532 2967 709 3021 refluentibus
727 2967 821 3031 undis;

114 3034 228 3086 Aestuat
246 3040 278 3088 ut
296 3038 392 3092 clausis
411 3040 522 3109 rapidus
541 3043 693 3098 fornacibus
711 3045 789 3112 ignia.

115 3107 163 3160 Hie
181 3108 235 3163 iam
252 3112 399 3180 galbaneos
417 3116 537 3170 suadebo
554 3119 699 3172 incendere
717 3119 822 3184 oderes,

114 3181 247 3251 Mellaque
265 3189 423 3244 arundineis
440 3193 541 3246 inferre
559 3196 703 3259 canalibus,
720 3196 792 3248 ultro

115 3258 275 3316 Horta-ntem
295 3269 323 3317 et
342 3266 427 3319 fessas
444 3269 480 3321 ad
496 3270 598 3337 pabula
616 3274 681 3324 neta
697 3275 844 3323 vocantem,
