2154 3518
120 163 150 208 3-3
345 159 374 206 P.
394 137 547 208 numum
566 157 733 207 nnaoms

117 240 237 308 Stuppea'
256 242 429 308 torquentem
449 242 570 294 Balearis
588 241 703 296 verbera
719 241 828 310 fundae,

117 317 184 369 Cum
204 318 249 368 uix
268 317 323 368 alta
340 319 418 383 iacet,
437 319 551 384 glaciem
569 335 629 370 curn
648 317 759 371 llumiua
776 318 900 372 trudunt
933 333 975 374 ³10

152 392 224 456 Quid
242 397 421 460 tempestates
440 395 563 448 autumni
582 398 611 447 et
629 393 720 446 sidera
738 394 834 460 dicam,

117 469 217 537 Atque,
235 468 281 520 ubi
299 470 352 520 iam
371 469 533 536 breviorque
552 469 610 522 dies
629 473 658 522 et
676 470 783 522 mollior
799 479 898 540 333333,

117 543 192 606 Quae
211 544 344 612 vigilanda
363 545 442 597 virisl
462 546 505 597 rel
524 561 585 598 cum
603 546 658 598 ruit
676 545 845 598 imbriferum
863 563 919 602 ver.

116 619 210 687 Spicea
227 620 280 673 iam
299 621 400 688 campis
419 637 480 672 eum
498 620 593 674 inessis
611 621 752 687 inhorruit,
771 626 879 674 etcum

117 693 266 749 Frumento
283 697 310 748 in
329 697 408 750 viridi
429 696 529 764 stipula
548 697 678 749 lactentia
696 698 825 763 turgenti
932 713 972 752 335

116 771 203 839 Saepe
221 788 279 839 ego,
298 789 359 825 cum
377 773 453 825 flavis
471 789 619 824 messorem
637 771 780 826 induceret
798 773 868 825 arvis

116 847 244 914 Agricola
261 851 291 900 et
307 847 397 915 fragili
415 849 469 900 iam
488 849 636 916 stringeret
654 847 756 900 hordea
774 850 869 915 culmo,

116 922 212 975 Omnia
230 928 373 976 ventorum
392 939 552 976 concurrere
570 923 672 991 proelia
690 923 753 990 vidi,

27 1001 35 1010 ”
116 997 191 1062 Quae
208 999 348 1067 gravidam
366 999 422 1052 late
440 1004 561 1066 segetem
580 999 616 1052 ah
634 998 771 1051 radicibus
788 999 850 1052 imis

115 1073 263 1127 Sublimem
282 1076 421 1143 expulsam
440 1080 582 1140 eruoreut;
601 1076 641 1128 ita
659 1075 770 1128 turbine
788 1076 865 1142 nigro
929 1094 970 1132 aa)

115 1149 213 1202 Ferret
226 1150 332 1218 hiemps
346 1151 518 1219 culmumque
532 1152 619 1204 levem
635 1151 804 1220 stipulasque
821 1153 946 1209 voluntis.

115 1227 201 1292 Saepe
219 1227 301 1279 etiam
317 1227 469 1279 inmensum
487 1228 561 1280 caelo
579 1227 653 1281 veuit
674 1244 773 1294 agmen
794 1245 934 1295 aquarum,

117 1303 150 1355 Et
169 1303 276 1355 foedam
294 1302 448 1370 glomerant
465 1302 659 1371 tempestatem
677 1303 810 1356 imbribus
827 1305 894 1358 atris

115 1379 250 1433 Collectae
270 1396 303 1432 ex
325 1379 380 1431 alto
400 1379 502 1442 nubes3
520 1381 575 1433 ruit
593 1379 695 1432 arduus
713 1380 816 1446 aether,

115 1455 150 1506 Et
167 1455 257 1522 pluvia
274 1456 376 1522 ingenti
396 1460 455 1508 sata
473 1456 545 1508 laeta
563 1456 700 1523 boumque
718 1455 824 1510 labores
927 1472 968 1510 333

115 1529 212 1593 Diluit3
235 1531 374 1597 inplentur
392 1531 487 1596 fossae,
506 1535 535 1583 ct
553 1547 619 1582 cava
637 1531 747 1584 flumina
764 1537 889 1587 crescunt

114 1605 181 1657 Oum
200 1606 296 1671 sonitu,
315 1605 553 1671 fervetquefretis
572 1607 737 1673 spirantibus
754 1624 864 1677 aequor.

114 1681 177 1748 lpse
197 1680 280 1732 Pater
298 1681 388 1734 media
405 1681 558 1733 nimborum
576 1682 603 1734 iu
621 1687 702 1736 nocte
720 1699 830 1738 corusca

115 1756 238 1808 llulmina
254 1757 365 1809 molitur
383 1756 496 1822 dextra3
521 1774 574 1825 quo
592 1775 719 1812 maxuma
736 1765 812 1813 motu

113 1831 197 1885 'lerra
214 1834 314 1894 tremit,
331 1834 427 1900 fugere
445 1833 526 1899 ferae,
545 1839 574 1888 ct
591 1835 716 1887 mortalia
734 1836 817 1888 corda
924 1849 966 1888 333

116 1908 166 1959 l'er
183 1909 273 1975 gentis
291 1909 398 1962 humilis
416 1910 513 1962 stravit
531 1926 629 1978 pavor;
651 1911 696 1964 ille
714 1911 841 1978 flagranti

114 1985 171 2036 Aut
191 1984 291 2049 Athon,
310 1987 358 2038 aut
378 1985 537 2054 Rhodopen,
557 1989 604 2039 aut
623 1989 679 2040 alta
698 1987 833 2041 Ceramuia
850 1988 906 2041 telo

112 2059 224 2124 Deiicit3
247 2061 414 2129 ingeminant
432 2063 518 2114 austri
538 2066 566 2115 33
584 2063 761 2116 densissimus
778 2064 880 2129 imber;

112 2135 190 2188 Nunc
208 2153 318 2190 nemora
335 2138 439 2205 ingenti
458 2144 545 2206 vento,
564 2157 634 2192 nuno
652 2140 733 2192 litora
750 2140 890 2208 plangunt.

112 2209 173 2262 Hoc
191 2215 320 2279 metusne,
338 2214 404 2265 caeli
422 2230 528 2267 meuses
547 2219 575 2266 et
592 2216 683 2268 sidera
700 2233 785 2282 serva,
924 2229 965 2269 sae

111 2284 223 2352 Frigida
242 2287 350 2338 Saturni
369 2303 428 2340 sese
446 2306 499 2356 quo
517 2289 596 2341 stella
614 2295 744 2356 receptet,

113 2362 185 2424 Quos
205 2362 276 2428 ignis
295 2362 362 2414 caeli
382 2361 517 2430 Cyllenius
536 2367 610 2415 erret
627 2364 655 2415 iu
673 2364 753 2416 orbis.

111 2437 144 2488 ln
162 2437 256 2504 primis
274 2453 403 2490 venerare
422 2436 495 2503 deos,
514 2441 598 2505 atque
615 2454 705 2490 annua
722 2455 836 2504 maguae

110 2513 191 2566 Sacra
208 2512 281 2564 refer
300 2513 392 2566 Cereri
410 2513 488 2566 laetis
507 2517 635 2580 operatus
652 2515 679 2566 in
698 2512 797 2576 herbis,

109 2587 257 2642 Extremae
275 2588 325 2641 sub
344 2605 435 2642 casum
454 2588 556 2654 hiemis
574 2589 628 2641 iam
646 2606 710 2643 3333
728 2606 829 2644 sereno.
923 2610 963 2648 aso

108 2663 176 2716 Tum
194 2665 308 2732 pingues
327 2665 397 2732 agui,
416 2670 444 2718 et
463 2669 519 2718 tum
538 2664 695 2719 mollissima
713 2666 788 2731 vina,

108 2737 174 2790 'lum
195 2740 279 2792 sanni
298 2739 391 2792 dulces
410 2740 564 2809 densaeque
582 2742 610 2794 iu
628 2743 765 2798 montibus
783 2744 902 2802 umbrae.

108 2812 212 2868 Cuncta
230 2815 279 2866 tibi
299 2816 425 2869 Cererem
445 2817 530 2886 pubes
549 2819 666 2885 agrestis
684 2821 788 2889 adoret,

107 2888 156 2941 (lui
174 2894 205 2942 tu
223 2889 293 2943 lacte
311 2893 386 2945 favos
404 2898 433 2946 et
449 2894 509 2946 miti
529 2894 602 2948 dilue
621 2896 734 2964 Baccho,
796 2947 799 2951 .
824 2927 826 2932 ·

103 2962 212 3031 *Terque
231 2982 313 3018 novas
331 2968 431 3021 circum
448 2970 513 3021 felix
532 2976 577 3024 eat
595 2971 684 3026 hostia
701 2974 800 3040 fruges
921 2987 959 3026 sle

106 3037 200 3090 Omnis
219 3057 300 3106 quam
319 3042 415 3096 chorus
434 3047 462 3096 et
481 3046 544 3097 socii
563 3048 726 3102 comitentur
745 3052 865 3113 ovantes,

108 3111 143 3164 Et
162 3113 290 3167 Cererem
308 3116 425 3171 clamore
444 3126 540 3174 vocent
558 3122 585 3176 iu
603 3127 692 3187 tecta;
711 3139 800 3191 neque
817 3126 882 3176 autc

108 3184 215 3239 Falcem
234 3190 349 3242 maturis
368 3194 511 3261 quisquam
530 3203 665 3266 supponat
683 3199 782 3263 aristis,
