2152 3506
106 163 152 210 1³0
340 161 368 206 P.
388 156 541 204 VERGILI
559 153 726 203 MARONIS

105 239 232 294 Tendunt
250 237 311 291 vela
329 239 353 291 N
357 238 411 303 oti;
429 238 549 305 fugimus
567 237 757 306 spumantibus
775 236 865 303 undis,

106 316 166 379 Qua
183 331 291 368 cursum
309 318 462 382 ventusque
479 314 701 383 gubotnatorquc
718 313 841 368 vocabat.

107 393 164 444 lam
184 391 275 444 nredio
293 391 409 458 adparet
428 391 513 444 linctu
532 407 675 443 nemorosa
694 389 846 458 Zacynthos
928 403 968 443 svo

107 467 317 535 Dulichiumque
336 467 473 536 Sameque
492 471 521 521 et
539 467 650 520 Neritos
667 465 754 520 ardua
772 465 853 518 saxis.

106 544 259 613 Effugimus
279 543 401 611 scopulos
421 543 541 609 Ithacae,
560 543 671 596 Laertia
689 559 782 610 regna,

107 620 143 674 Et
163 626 264 674 terram
283 619 406 672 altricem
426 621 500 673 saevi
518 635 692 673 exsecramur
711 619 793 672 Ulisi.

108 697 173 750 hlox
191 701 220 751 ct
238 696 375 750 Leucatae
397 695 520 748 ninrbosa
538 697 678 749 cacumina
695 696 796 748 montis

107 773 143 826 Et
160 772 322 825 formidatus
340 773 430 826 nautis
448 773 572 840 aperitur
592 771 699 839 Apollo.
929 785 968 824 275

109 849 189 902 Hune
206 850 326 918 petimus
345 848 409 902 fessi
427 853 457 902 ct
473 865 574 916 parvae
592 847 762 900 succedimus
780 846 859 908 urbi;

110 929 218 978 Ancora
236 925 271 978 de
289 943 370 994 prora
389 927 495 992 iacitur,
514 929 590 978 stant
607 924 688 977 litore
706 939 817 992 puppes.

144 1004 217 1068 Ergo
235 1002 375 1070 insperata
392 1002 504 1055 tandem
523 1001 623 1054 tellure
640 1000 722 1068 potiti

108 1077 325 1144 Lustramurque
344 1078 403 1130 Iovi
421 1079 547 1145 votisque
565 1076 735 1130 incendimus
752 1090 821 1142 aras,

109 1154 245 1221 Actiaque
264 1153 355 1206 Iliacis
373 1153 543 1207 celebramus
561 1153 643 1205 litora
661 1152 740 1205 ludis.
925 1149 968 1204 ἕω

109 1229 244 1284 Exercent
262 1230 365 1298 patrias
383 1230 442 1283 olco
460 1229 570 1282 labente
588 1228 740 1296 palaestras

108 1305 133 1358 N
136 1306 213 1358 udati
233 1306 313 1370 soeii;
329 1306 406 1359 iuvat
424 1306 542 1358 evasisse
560 1308 604 1358 tot
621 1304 704 1356 nrbes

109 1383 250 1450 Argolicas
270 1381 426 1449 mediosque
444 1381 537 1448 fugam
556 1382 677 1433 tenuisse
696 1397 745 1447 per
764 1379 858 1432 hostis.

110 1458 220 1510 interea
239 1475 363 1526 magnum
383 1457 422 1510 sol
442 1457 661 1511 circumvolvitur
679 1472 787 1520 annum,

109 1534 145 1587 Et
163 1534 283 1600 glacialis
302 1535 408 1602 hiemps
427 1533 601 1602 aquilonibus
618 1536 729 1600 asperat
746 1531 840 1584 undas.
928 1547 966 1585 aas

110 1613 184 1662 Acro
202 1627 267 1662 cavo
285 1610 408 1678 clipeum,
428 1611 519 1678 magni
537 1615 678 1677 gestamen
698 1608 826 1672 Abantis,

111 1685 238 1742 Postibus
257 1686 380 1740 adversis
398 1687 459 1754 figo,
478 1693 506 1739 et
525 1704 583 1739 rom
601 1686 721 1739 carmine
740 1685 827 1752 simio:

111 1764 226 1818 Arensis
246 1777 321 1816 rinno
341 1777 378 1816 un
397 1777 502 1816 unnnrs
521 1777 684 1815 v1oroa1ssus
703 1777 790 1814 Anus.

111 1839 246 1907 Linquere
265 1843 324 1893 tum
343 1843 438 1908 portus
456 1839 536 1892 iubeo
555 1844 584 1892 et
603 1838 743 1892 considere
761 1839 897 1891 transtris

110 1915 244 1970 Certatim
263 1916 327 1970 socii
345 1917 446 1970 feriunt
465 1933 539 1968 marc
558 1920 587 1968 ct
605 1932 724 1983 aequora
742 1926 862 1967 verrunt.
929 1931 966 1967 aso

111 1992 239 2046 Protinus
257 1994 343 2047 aerias
363 1991 515 2046 Phaeacum
533 1992 726 2046 abscondimus
744 2008 827 2058 arces,

111 2068 258 2139 Litoraque
277 2070 353 2139 Epiri
371 2070 488 2138 legimus
505 2073 643 2137 portuque
662 2067 782 2122 subimus

110 2145 230 2199 Chaonio
248 2151 278 2200 et
293 2148 393 2200 celsam
413 2146 542 2199 Buthroti
560 2144 714 2198 accedimus
732 2144 834 2197 mhem.

145 2222 198 2275 Hic
215 2223 381 2276 incredibilis
400 2239 493 2276 rerum
511 2223 583 2274 fama
602 2225 716 2290 occupat
734 2222 806 2273 auris

110 2298 266 2352 Priamiden
287 2299 423 2351 Helenum
442 2299 539 2352 Graias
559 2315 673 2365 regnare
693 2314 742 2365 per
760 2297 849 2363 urbes,
929 2313 965 2352 sss

111 2374 242 2441 Coniugio
263 2374 398 2428 Aeacidae
418 2374 515 2444 Pyrrhi
534 2375 704 2442 sceptrisque
722 2374 847 2442 potitum,

111 2451 148 2503 ut
165 2451 254 2518 patrio
274 2450 484 2504 Andromachen
501 2452 601 2504 iterum
620 2451 734 2504 cessisse
753 2451 856 2503 rnazito.

111 2526 246 2595 Obstipui,
265 2527 387 2596 miroque
404 2528 543 2582 incensum
562 2533 656 2596 pectus
674 2543 773 2592 amore,

111 2602 281 2670 Compellare
300 2603 387 2656 virum
407 2607 436 2657 et
454 2620 531 2657 casus
550 2619 713 2670 cognoscere
731 2607 829 2655 tantos.

112 2679 276 2747 Progredior
293 2685 382 2748 portu,
401 2681 494 2734 elassis
512 2685 541 2733 et
559 2680 640 2732 litora
657 2679 796 2746 linquens;
929 2694 965 2732 aas

112 2756 254 2810 Sollemnis
272 2773 333 2809 cum
352 2757 423 2811 forte
441 2757 526 2826 dapes
544 2760 573 2810 et
590 2757 681 2810 tristia
698 2755 770 2808 dona

112 2835 187 2888 Ante
205 2831 301 2885 urbem
319 2833 347 2886 in
365 2833 425 2886 luco
443 2835 503 2887 falsi
523 2834 668 2886 Simoentis
686 2831 722 2885 ad
740 2833 842 2885 undam
897 2896 903 2905 Ι

112 2906 229 2962 Libebat
247 2907 330 2961 cineri
350 2909 542 2961 Andromache
560 2909 702 2975 Manisque
721 2907 836 2961 vocabat

113 2985 281 3038 Hectoreum
299 2983 335 3036 ad
352 2983 495 3049 tumulum,
514 2983 593 3035 viridi
611 3000 692 3050 quem
710 2984 829 3051 caespite
847 2982 956 3036 inanem

112 3059 149 3112 ut
165 3061 295 3127 geminas,
314 3076 436 3113 caussam
455 3060 579 3123 lacrimis,
599 3064 755 3112 sacraverat
773 3075 841 3112 aras.
928 3073 964 3112 aas

113 3131 153 3186 Ut
170 3152 214 3187 me
231 3137 374 3203 conspexit
391 3135 545 3188 venientem
563 3137 592 3186 et
611 3135 690 3186 Troia
708 3136 809 3187 circum

116 3212 200 3261 Arma
217 3225 310 3262 amens
327 3210 405 3273 vidit,
423 3210 528 3274 maguis
547 3211 680 3264 exterrita
697 3211 826 3263 monstris
