2172 3506
125 133 172 180 260
355 127 382 173 P.
407 125 557 173 vultune
575 126 707 174 MARON
710 127 742 174 IS

124 208 276 262 'lransfossi
293 207 368 274 ligno
386 206 506 262 veniunt.
541 207 598 262 Vix
616 225 688 262 unus
706 211 829 264 Helenor

128 287 161 339 llt
180 285 268 352 Lycus
286 283 386 352 elapsi;
412 300 527 353 quorum
544 284 704 353 primaevus
722 285 852 355 Helenor,
916 303 977 342 aas

124 361 248 415 Maeonio
266 361 326 427 regi
346 378 426 428 quem
446 377 524 414 serva
543 361 683 429 Licymnia
699 362 795 415 furtim

124 437 280 491 sustulerat
297 437 446 505 vetitisque
465 437 501 490 ad
520 437 627 490 Troiam
646 438 758 491 miserat
776 438 868 505 armis,

123 513 196 567 Fnrse
215 513 282 566 levis
300 512 374 566 nudo
393 529 544 582 parmaque
562 513 778 581 ingloriusalba.

124 590 208 662 Isque
226 590 273 643 ubi
293 607 322 644 se
341 590 425 643 Turni
444 591 535 644 media
554 590 628 644 inter
646 589 721 643 milia
738 590 814 657 vidit,

124 666 196 720 Hine
215 668 286 722 aeies
305 673 390 737 atque
409 667 471 721 hine
490 668 560 722 acies
578 667 689 720 adstare
707 666 832 720 Latinas:
939 683 978 720 reo

122 743 163 797 Ut
180 743 246 808 fera,
266 761 343 812 quae,
362 744 448 797 densa
463 748 609 798 venantum
628 747 724 812 saepta
741 759 845 809 corona,

123 818 225 873 Contra
245 820 299 872 tela
317 820 391 886 furit,
411 837 524 888 seseque
542 819 616 872 haud
628 821 726 873 nescia
744 819 826 872 morti

123 895 216 949 Iuiieit
234 899 264 948 et
282 895 354 948 saltu
373 913 455 965 supra
472 895 605 949 venabula
622 895 719 962 fertur,

123 970 207 1024 Haud
225 971 306 1025 aliter
324 973 428 1024 iuvenis
446 971 551 1024 medios
570 971 719 1025 moriturus
736 971 765 1024 in
782 970 870 1024 hostis

123 1047 221 1113 Inruit,
240 1053 277 1115 et,
295 1065 350 1115 qua
367 1048 423 1101 tela
441 1048 517 1102 videt
535 1047 704 1115 densissima,
721 1047 819 1102 tendit.
939 1065 976 1103 5⁵5

123 1124 163 1177 At
179 1123 297 1192 pedibus
315 1124 395 1190 longe
414 1125 511 1178 melior
529 1125 617 1192 byeus
635 1124 707 1177 inter
725 1127 755 1177 et
772 1124 859 1178 hostis
902 1177 904 1180 ,

122 1199 201 1252 Inter
219 1204 248 1253 et
266 1217 341 1253 arma
358 1201 424 1269 fuga
441 1217 533 1254 muros
550 1203 635 1267 tenet,
653 1200 764 1268 altaque
782 1205 872 1256 eertat

122 1273 263 1330 Prendere
280 1280 355 1331 tecta
372 1293 455 1330 manu
473 1275 630 1344 sociumque
648 1276 786 1343 attingere
805 1277 930 1333 dextras.

122 1351 209 1416 Quem
229 1355 343 1419 Turnus,
361 1354 466 1422 pariter
484 1369 566 1406 eursu
583 1352 695 1421 teloque
714 1355 830 1420 secutus,

122 1429 253 1498 Increpat
270 1430 313 1482 his
331 1430 432 1484 vietor:
457 1429 609 1483 Nostraene
628 1427 752 1496 evadere,
772 1428 892 1493 demens,
935 1446 974 1484 ser
1002 1487 1006 1496 ,

121 1505 244 1573 Sperasti
263 1510 293 1558 te
310 1523 390 1573 posse
407 1507 520 1559 manus?
545 1504 625 1557 simul
642 1505 740 1571 arripit
757 1505 845 1572 ipsum

121 1580 300 1644 Pendentem,
319 1585 348 1634 et
365 1598 463 1649 magna
480 1581 550 1633 muri
569 1597 630 1634 oum
648 1584 727 1648 parte
745 1580 866 1634 revellit:

79 1643 100 1729 ,l
122 1656 218 1722 Qualis
236 1656 282 1708 ubi
301 1661 350 1710 aut
367 1657 488 1726 leporem
507 1660 554 1710 aut
572 1656 699 1710 candenti
717 1672 830 1724 corpore
848 1673 962 1725 cycnum

121 1731 239 1786 Sustulit
257 1733 312 1786 alta
330 1737 427 1802 petens
445 1733 562 1800 pedibus
581 1732 655 1784 Iovis
673 1732 792 1798 armiger
809 1733 894 1797 uncis,

121 1809 280 1873 Quaesitum
298 1813 346 1862 aut
364 1810 445 1862 matri
464 1808 558 1863 multis
576 1807 713 1861 balatibus
731 1824 828 1875 agnum
934 1825 971 1862 sou

120 1884 237 1938 Martius
255 1901 272 1937 a
291 1885 405 1938 stabulis
424 1885 515 1951 rapuit
533 1881 780 1953 lupusiUndique
797 1885 901 1938 elamor

120 1959 250 2026 Tollitur3
274 1960 407 2015 invadunt
425 1966 453 2015 et
470 1961 555 2014 fossas
570 1977 670 2028 aggere
687 1960 829 2028 conplent3

120 2036 254 2092 Ardentis
271 2038 368 2092 taedas
386 2038 431 2091 alii
450 2037 485 2090 ad
502 2036 613 2103 fastigia
630 2036 739 2090 iactant.

120 2111 241 2167 Ilioneus
258 2130 324 2167 mro
339 2119 423 2183 atque
440 2112 544 2181 ingenti
561 2112 695 2178 fragmine
712 2111 812 2164 montis

120 2187 269 2255 Lucetium,
287 2193 382 2258 portae
401 2189 565 2243 subeuntem
582 2187 707 2255 ignisque
721 2188 862 2254 ferentem,
931 2202 970 2243 ero

122 2265 283 2318 ltmathiona
301 2266 391 2333 Liger,
411 2266 580 2333 Corynaeum
600 2263 699 2318 sternit
719 2263 818 2331 Asilae,

122 2341 174 2392 llic
191 2340 278 2394 iaculo
296 2341 389 2408 bonus,
408 2341 452 2394 hic
470 2342 550 2407 longe
567 2340 680 2393 fallente
698 2339 812 2406 sagitta;

119 2415 262 2484 Ortygium
281 2416 411 2483 Caeneus
430 2417 561 2470 victorem
581 2416 688 2470 Caenea
705 2414 818 2479 Turnus,

119 2492 226 2545 Turnus
246 2493 319 2559 Itym
339 2492 525 2560 Cloniumque,
544 2491 711 2565 Dioxippum
730 2490 949 2561 Promolumque,

118 2568 156 2621 ut
170 2567 293 2635 Sagarim
306 2571 335 2621 et
347 2569 459 2621 summis
475 2570 594 2620 stantem
606 2583 657 2634 pro
669 2565 791 2619 turribus
804 2565 889 2630 Idan;
929 2582 968 2622 ⁶75

119 2644 279 2697 Privernum
299 2645 392 2712 Capys.
431 2645 513 2697 Hune
530 2645 617 2711 primo
636 2643 703 2696 levis
720 2642 799 2695 hasta
817 2642 969 2697 Themillae

118 2719 286 2774 Strinxerat:
311 2721 358 2774 illo
377 2737 487 2773 manum
505 2720 627 2788 proiecto
646 2719 767 2786 tegmine
785 2718 898 2772 demens

118 2795 166 2850 Ad
183 2796 278 2848 volnus
297 2797 375 2862 tulit;
400 2813 464 2863 ergo
484 2796 533 2848 alis
552 2795 665 2862 adlapsa
683 2795 785 2862 sagitta

117 2869 155 2924 ut
171 2871 247 2924 laevo
266 2871 356 2924 adfixa
375 2876 418 2924 est
436 2872 515 2926 lateri
533 2888 636 2938 manus,
655 2871 804 2939 abditaque
821 2870 895 2924 intus

117 2944 289 3013 spiramenta
306 2947 412 3000 animae
430 2947 505 3000 letali
523 2947 633 3000 volnere
650 2947 733 3015 rupit.
929 2962 969 3000 eso

107 3018 214 3073 -Stabat
231 3021 259 3073 in
278 3023 395 3089 egregiis
415 3022 544 3076 Arcentis
562 3021 635 3074 filius
652 3021 742 3088 armis,

119 3093 211 3146 l'ietns
228 3111 279 3148 acu
296 3097 465 3164 chlamydem
483 3093 512 3150 et
529 3097 670 3164 ferrugine
688 3098 777 3150 clarus
796 3097 912 3164 Hibera,

119 3165 235 3230 insignis
252 3169 329 3238 faeie,
346 3172 454 3238 genitor
470 3188 552 3232 quern
569 3174 682 3229 miserat
701 3175 814 3238 Arcens,
