<?xml version="1.0" encoding="UTF-8"?>
<!DOCTYPE html PUBLIC "-//W3C//DTD XHTML 1.0 Transitional//EN"
    "http://www.w3.org/TR/xhtml1/DTD/xhtml1-transitional.dtd">
<html xmlns="http://www.w3.org/1999/xhtml" xml:lang="en" lang="en">
 <head>
  <title>
</title>
<meta http-equiv="Content-Type" content="text/html;charset=utf-8" />
  <meta name='ocr-system' content='tesseract 3.04.00' />
  <meta name='ocr-capabilities' content='ocr_page ocr_carea ocr_par ocr_line ocrx_word'/>
</head>
<body>
  <div class='ocr_page' id='page_1' title='image "./operaexrecensio03virggoog_0285.png"; bbox 0 0 2172 3506; ppageno 0'>
   <div class='ocr_carea' id='block_1_1' title="bbox 396 142 978 194">
    <p class='ocr_par' dir='ltr' id='par_1_1' title="bbox 396 142 978 194">
     <span class='ocr_line' id='line_1_1' title="bbox 396 142 978 194; baseline 0.005 -4"><span class='ocrx_word' id='word_1_1' title='bbox 396 143 581 192; x_wconf 83' lang='lat' dir='ltr'>AENEIDOS</span> <span class='ocrx_word' id='word_1_2' title='bbox 598 143 668 192; x_wconf 88' lang='lat' dir='ltr'>LIB.</span> <span class='ocrx_word' id='word_1_3' title='bbox 687 143 724 193; x_wconf 85' lang='lat' dir='ltr'>X.</span> <span class='ocrx_word' id='word_1_4' title='bbox 933 142 978 194; x_wconf 74' lang='lat'>273</span> 
     </span>
    </p>
   </div>
   <div class='ocr_carea' id='block_1_2' title="bbox 123 223 983 1816">
    <p class='ocr_par' dir='ltr' id='par_1_2' title="bbox 124 223 776 290">
     <span class='ocr_line' id='line_1_2' title="bbox 124 223 776 290; baseline -0.003 -9"><span class='ocrx_word' id='word_1_5' title='bbox 124 225 245 281; x_wconf 80' lang='lat' dir='ltr'>Aenesi</span> <span class='ocrx_word' id='word_1_6' title='bbox 264 224 353 290; x_wconf 85' lang='lat' dir='ltr'>vigila,</span> <span class='ocrx_word' id='word_1_7' title='bbox 371 226 401 276; x_wconf 88' lang='lat' dir='ltr'>et</span> <span class='ocrx_word' id='word_1_8' title='bbox 419 223 487 277; x_wconf 85' lang='lat' dir='ltr'>veiis</span> <span class='ocrx_word' id='word_1_9' title='bbox 505 223 624 277; x_wconf 86' lang='lat' dir='ltr'>immitte</span> <span class='ocrx_word' id='word_1_10' title='bbox 643 225 776 280; x_wconf 73' lang='lat' dir='ltr'>rudentis,</span> 
     </span>
    </p>

    <p class='ocr_par' dir='ltr' id='par_1_3' title="bbox 123 299 981 980">
     <span class='ocr_line' id='line_1_3' title="bbox 123 299 980 370; baseline 0.001 -13"><span class='ocrx_word' id='word_1_11' title='bbox 123 304 302 368; x_wconf 76' lang='lat' dir='ltr'>Nossemus,</span> <span class='ocrx_word' id='word_1_12' title='bbox 323 299 423 353; x_wconf 86' lang='lat' dir='ltr'>Idaeae</span> <span class='ocrx_word' id='word_1_13' title='bbox 441 317 517 354; x_wconf 85' lang='lat' dir='ltr'>sacro</span> <span class='ocrx_word' id='word_1_14' title='bbox 536 301 572 354; x_wconf 87' lang='lat' dir='ltr'>de</span> <span class='ocrx_word' id='word_1_15' title='bbox 589 301 694 354; x_wconf 85' lang='lat' dir='ltr'>vertice</span> <span class='ocrx_word' id='word_1_16' title='bbox 711 301 799 370; x_wconf 84' lang='lat' dir='ltr'>pinus,</span> <span class='ocrx_word' id='word_1_17' title='bbox 944 319 980 358; x_wconf 81' lang='lat' dir='ltr'>aaa</span> 
     </span>
     <span class='ocr_line' id='line_1_4' title="bbox 123 377 951 448; baseline 0.001 -16"><span class='ocrx_word' id='word_1_18' title='bbox 123 381 207 432; x_wconf 86' lang='lat' dir='ltr'>Nunc</span> <span class='ocrx_word' id='word_1_19' title='bbox 224 377 314 448; x_wconf 87' lang='lat' dir='ltr'>pelagi</span> <span class='ocrx_word' id='word_1_20' title='bbox 332 377 482 445; x_wconf 77' lang='lat' dir='ltr'><strong>Nymphae,</strong></span> <span class='ocrx_word' id='word_1_21' title='bbox 501 377 594 430; x_wconf 86' lang='lat' dir='ltr'>classis</span> <span class='ocrx_word' id='word_1_22' title='bbox 613 380 668 430; x_wconf 87' lang='lat' dir='ltr'>tua.</span> <span class='ocrx_word' id='word_1_23' title='bbox 707 377 835 431; x_wconf 86' lang='lat' dir='ltr'>Perfidus</span> <span class='ocrx_word' id='word_1_24' title='bbox 854 385 884 433; x_wconf 90' lang='lat' dir='ltr'>ut</span> <span class='ocrx_word' id='word_1_25' title='bbox 902 397 951 434; x_wconf 89' lang='lat' dir='ltr'>nos</span> 
     </span>
     <span class='ocr_line' id='line_1_5' title="bbox 125 453 873 526; baseline -0.001 -18"><span class='ocrx_word' id='word_1_26' title='bbox 125 455 289 523; x_wconf 88' lang='lat' dir='ltr'>Praecipitis</span> <span class='ocrx_word' id='word_1_27' title='bbox 307 455 380 506; x_wconf 82' lang='lat' dir='ltr'>ferre</span> <span class='ocrx_word' id='word_1_28' title='bbox 400 453 520 507; x_wconf 84' lang='lat' dir='ltr'>Rutulus</span> <span class='ocrx_word' id='word_1_29' title='bbox 538 453 703 526; x_wconf 82' lang='lat' dir='ltr'>flammaque</span> <span class='ocrx_word' id='word_1_30' title='bbox 720 455 873 523; x_wconf 88' lang='lat' dir='ltr'>premebat,</span> 
     </span>
     <span class='ocr_line' id='line_1_6' title="bbox 125 530 869 600; baseline 0 -15"><span class='ocrx_word' id='word_1_31' title='bbox 125 531 262 600; x_wconf 87' lang='lat' dir='ltr'>Rupimus</span> <span class='ocrx_word' id='word_1_32' title='bbox 278 530 380 583; x_wconf 80' lang='lat' dir='ltr'>invitae</span> <span class='ocrx_word' id='word_1_33' title='bbox 398 533 448 583; x_wconf 87' lang='lat' dir='ltr'>tua</span> <span class='ocrx_word' id='word_1_34' title='bbox 465 530 577 595; x_wconf 89' lang='lat' dir='ltr'>vincula,</span> <span class='ocrx_word' id='word_1_35' title='bbox 596 533 680 597; x_wconf 87' lang='lat' dir='ltr'>teque</span> <span class='ocrx_word' id='word_1_36' title='bbox 698 547 748 598; x_wconf 88' lang='lat' dir='ltr'>per</span> <span class='ocrx_word' id='word_1_37' title='bbox 766 548 869 599; x_wconf 88' lang='lat' dir='ltr'>aequor</span> 
     </span>
     <span class='ocr_line' id='line_1_7' title="bbox 125 606 951 675; baseline 0.001 -14"><span class='ocrx_word' id='word_1_38' title='bbox 125 609 298 672; x_wconf 79' lang='lat' dir='ltr'>Quaerimus.</span> <span class='ocrx_word' id='word_1_39' title='bbox 334 607 414 660; x_wconf 89' lang='lat' dir='ltr'>Hane</span> <span class='ocrx_word' id='word_1_40' title='bbox 432 606 565 660; x_wconf 78' lang='lat' dir='ltr'>Genetrix</span> <span class='ocrx_word' id='word_1_41' title='bbox 583 606 680 659; x_wconf 85' lang='lat' dir='ltr'>faciem</span> <span class='ocrx_word' id='word_1_42' title='bbox 699 608 830 662; x_wconf 86' lang='lat' dir='ltr'>miserata</span> <span class='ocrx_word' id='word_1_43' title='bbox 847 610 951 675; x_wconf 88' lang='lat' dir='ltr'>refecit,</span> 
     </span>
     <span class='ocr_line' id='line_1_8' title="bbox 124 683 981 750; baseline 0.004 -13"><span class='ocrx_word' id='word_1_44' title='bbox 124 684 165 738; x_wconf 83' lang='lat' dir='ltr'>Et</span> <span class='ocrx_word' id='word_1_45' title='bbox 183 683 262 737; x_wconf 88' lang='lat' dir='ltr'>dedit</span> <span class='ocrx_word' id='word_1_46' title='bbox 280 700 340 737; x_wconf 92' lang='lat' dir='ltr'>esse</span> <span class='ocrx_word' id='word_1_47' title='bbox 358 683 432 749; x_wconf 88' lang='lat' dir='ltr'>deas,</span> <span class='ocrx_word' id='word_1_48' title='bbox 451 699 603 750; x_wconf 86' lang='lat' dir='ltr'>aevumque</span> <span class='ocrx_word' id='word_1_49' title='bbox 622 684 728 749; x_wconf 88' lang='lat' dir='ltr'>agitare</span> <span class='ocrx_word' id='word_1_50' title='bbox 747 684 798 737; x_wconf 88' lang='lat' dir='ltr'>sub</span> <span class='ocrx_word' id='word_1_51' title='bbox 816 685 903 739; x_wconf 90' lang='lat' dir='ltr'>undis.</span> <span class='ocrx_word' id='word_1_52' title='bbox 945 701 981 740; x_wconf 78' lang='lat' dir='ltr'>aas</span> 
     </span>
     <span class='ocr_line' id='line_1_9' title="bbox 125 758 836 828; baseline -0.003 -14"><span class='ocrx_word' id='word_1_53' title='bbox 125 763 169 814; x_wconf 85' lang='lat' dir='ltr'>At</span> <span class='ocrx_word' id='word_1_54' title='bbox 185 776 256 828; x_wconf 86' lang='lat' dir='ltr'>puer</span> <span class='ocrx_word' id='word_1_55' title='bbox 276 760 410 812; x_wconf 88' lang='lat' dir='ltr'>Ascanius</span> <span class='ocrx_word' id='word_1_56' title='bbox 429 775 506 811; x_wconf 91' lang='lat' dir='ltr'>muro</span> <span class='ocrx_word' id='word_1_57' title='bbox 523 758 659 826; x_wconf 83' lang='lat' dir='ltr'>fossisque</span> <span class='ocrx_word' id='word_1_58' title='bbox 678 763 790 812; x_wconf 87' lang='lat' dir='ltr'>tenetur</span> <span class='ocrx_word' id='word_1_59' title='bbox 833 767 836 773; x_wconf 88' lang='lat'>&#39;</span> 
     </span>
     <span class='ocr_line' id='line_1_10' title="bbox 124 834 905 902; baseline 0.001 -12"><span class='ocrx_word' id='word_1_60' title='bbox 124 836 284 890; x_wconf 79' lang='grc'>’1515111551</span> <span class='ocrx_word' id='word_1_61' title='bbox 302 835 395 888; x_wconf 88' lang='lat' dir='ltr'>media</span> <span class='ocrx_word' id='word_1_62' title='bbox 412 839 497 902; x_wconf 90' lang='lat' dir='ltr'>atque</span> <span class='ocrx_word' id='word_1_63' title='bbox 517 834 655 888; x_wconf 88' lang='lat' dir='ltr'>horrentis</span> <span class='ocrx_word' id='word_1_64' title='bbox 676 835 767 890; x_wconf 89' lang='lat' dir='ltr'>Marto</span> <span class='ocrx_word' id='word_1_65' title='bbox 786 837 905 891; x_wconf 88' lang='lat' dir='ltr'>Latinos.</span> 
     </span>
     <span class='ocr_line' id='line_1_11' title="bbox 126 911 857 980; baseline -0.001 -14"><span class='ocrx_word' id='word_1_66' title='bbox 126 912 190 966; x_wconf 91' lang='lat' dir='ltr'>Iam</span> <span class='ocrx_word' id='word_1_67' title='bbox 207 911 265 965; x_wconf 90' lang='lat' dir='ltr'>loca</span> <span class='ocrx_word' id='word_1_68' title='bbox 282 913 355 965; x_wconf 83' lang='lat' dir='ltr'>iussa</span> <span class='ocrx_word' id='word_1_69' title='bbox 378 912 459 964; x_wconf 89' lang='lat' dir='ltr'>tenet</span> <span class='ocrx_word' id='word_1_70' title='bbox 485 911 551 964; x_wconf 86' lang='lat' dir='ltr'>forti</span> <span class='ocrx_word' id='word_1_71' title='bbox 569 911 722 980; x_wconf 87' lang='lat' dir='ltr'>permixtus</span> <span class='ocrx_word' id='word_1_72' title='bbox 742 913 857 968; x_wconf 86' lang='lat' dir='ltr'>Etrusco</span> 
     </span>
    </p>

    <p class='ocr_par' dir='ltr' id='par_1_4' title="bbox 127 987 825 1059">
     <span class='ocr_line' id='line_1_12' title="bbox 127 987 825 1059; baseline 0 -17"><span class='ocrx_word' id='word_1_73' title='bbox 127 990 217 1042; x_wconf 88' lang='lat' dir='ltr'>Arcas</span> <span class='ocrx_word' id='word_1_74' title='bbox 235 1004 326 1056; x_wconf 89' lang='lat' dir='ltr'>eques.</span> <span class='ocrx_word' id='word_1_75' title='bbox 363 988 470 1040; x_wconf 87' lang='lat' dir='ltr'>Medias</span> <span class='ocrx_word' id='word_1_76' title='bbox 488 987 541 1039; x_wconf 89' lang='lat' dir='ltr'>illis</span> <span class='ocrx_word' id='word_1_77' title='bbox 559 1004 696 1054; x_wconf 88' lang='lat' dir='ltr'>opponere</span> <span class='ocrx_word' id='word_1_78' title='bbox 714 992 825 1059; x_wconf 80' lang='lat' dir='ltr'>turmas,</span> 
     </span>
    </p>

    <p class='ocr_par' dir='ltr' id='par_1_5' title="bbox 126 1065 981 1208">
     <span class='ocr_line' id='line_1_13' title="bbox 126 1065 981 1132; baseline 0.001 -14"><span class='ocrx_word' id='word_1_79' title='bbox 126 1065 155 1118; x_wconf 92' lang='lat' dir='ltr'><strong>N</strong></span> <span class='ocrx_word' id='word_1_80' title='bbox 157 1082 172 1118; x_wconf 89' lang='lat' dir='ltr'>e</span> <span class='ocrx_word' id='word_1_81' title='bbox 190 1065 288 1118; x_wconf 88' lang='lat' dir='ltr'>castris</span> <span class='ocrx_word' id='word_1_82' title='bbox 304 1065 426 1132; x_wconf 85' lang='lat' dir='ltr'>iungant,</span> <span class='ocrx_word' id='word_1_83' title='bbox 446 1068 521 1117; x_wconf 86' lang='lat' dir='ltr'>certa</span> <span class='ocrx_word' id='word_1_84' title='bbox 539 1067 583 1116; x_wconf 88' lang='grc'>555</span> <span class='ocrx_word' id='word_1_85' title='bbox 601 1065 737 1118; x_wconf 87' lang='lat' dir='ltr'>sententia</span> <span class='ocrx_word' id='word_1_86' title='bbox 756 1066 854 1120; x_wconf 84' lang='lat' dir='ltr'>Turno.</span> <span class='ocrx_word' id='word_1_87' title='bbox 946 1082 981 1120; x_wconf 83' lang='grc'>511</span> 
     </span>
     <span class='ocr_line' id='line_1_14' title="bbox 127 1140 823 1208; baseline 0 -14"><span class='ocrx_word' id='word_1_88' title='bbox 127 1141 218 1207; x_wconf 83' lang='lat' dir='ltr'><strong>Surge</strong></span> <span class='ocrx_word' id='word_1_89' title='bbox 235 1157 293 1208; x_wconf 87' lang='lat' dir='ltr'>age,</span> <span class='ocrx_word' id='word_1_90' title='bbox 312 1144 341 1194; x_wconf 88' lang='lat' dir='ltr'>et</span> <span class='ocrx_word' id='word_1_91' title='bbox 361 1143 470 1192; x_wconf 89' lang='lat' dir='ltr'>Aurora</span> <span class='ocrx_word' id='word_1_92' title='bbox 488 1140 573 1191; x_wconf 88' lang='lat' dir='ltr'>socios</span> <span class='ocrx_word' id='word_1_93' title='bbox 591 1141 716 1193; x_wconf 87' lang='lat' dir='ltr'>veniente</span> <span class='ocrx_word' id='word_1_94' title='bbox 735 1143 823 1194; x_wconf 87' lang='lat' dir='ltr'>vocari</span> 
     </span>
    </p>

    <p class='ocr_par' dir='ltr' id='par_1_6' title="bbox 129 1215 983 1588">
     <span class='ocr_line' id='line_1_15' title="bbox 129 1215 963 1286; baseline 0.002 -17"><span class='ocrx_word' id='word_1_95' title='bbox 129 1217 238 1270; x_wconf 85' lang='lat' dir='ltr'>Primus</span> <span class='ocrx_word' id='word_1_96' title='bbox 250 1218 277 1270; x_wconf 92' lang='lat' dir='ltr'>in</span> <span class='ocrx_word' id='word_1_97' title='bbox 290 1233 366 1268; x_wconf 89' lang='lat' dir='ltr'>arma</span> <span class='ocrx_word' id='word_1_98' title='bbox 377 1216 449 1282; x_wconf 88' lang='lat' dir='ltr'>iube,</span> <span class='ocrx_word' id='word_1_99' title='bbox 462 1219 492 1268; x_wconf 92' lang='grc'>55</span> <span class='ocrx_word' id='word_1_100' title='bbox 503 1215 620 1283; x_wconf 87' lang='lat' dir='ltr'>clipeum</span> <span class='ocrx_word' id='word_1_101' title='bbox 633 1232 707 1284; x_wconf 84' lang='lat' dir='ltr'>cape,</span> <span class='ocrx_word' id='word_1_102' title='bbox 721 1233 802 1286; x_wconf 84' lang='lat' dir='ltr'>quem</span> <span class='ocrx_word' id='word_1_103' title='bbox 815 1218 893 1271; x_wconf 90' lang='lat' dir='ltr'>dedit</span> <span class='ocrx_word' id='word_1_104' title='bbox 905 1221 963 1285; x_wconf 90' lang='lat' dir='ltr'>ipsc</span> 
     </span>
     <span class='ocr_line' id='line_1_16' title="bbox 129 1291 836 1372; baseline 0 -26"><span class='ocrx_word' id='word_1_105' title='bbox 129 1293 266 1346; x_wconf 89' lang='lat' dir='ltr'>Invictum</span> <span class='ocrx_word' id='word_1_106' title='bbox 278 1292 447 1372; x_wconf 59' lang='lat' dir='ltr'>Ignipptens,</span> <span class='ocrx_word' id='word_1_107' title='bbox 466 1295 551 1358; x_wconf 89' lang='lat' dir='ltr'>atque</span> <span class='ocrx_word' id='word_1_108' title='bbox 567 1307 629 1344; x_wconf 88' lang='lat' dir='ltr'>oras</span> <span class='ocrx_word' id='word_1_109' title='bbox 647 1291 745 1344; x_wconf 87' lang='lat' dir='ltr'>ambiit</span> <span class='ocrx_word' id='word_1_110' title='bbox 763 1309 836 1347; x_wconf 90' lang='lat' dir='ltr'>auro.</span> 
     </span>
     <span class='ocr_line' id='line_1_17' title="bbox 129 1367 842 1436; baseline -0.003 -14"><span class='ocrx_word' id='word_1_111' title='bbox 129 1369 258 1422; x_wconf 83' lang='lat' dir='ltr'>Crastina</span> <span class='ocrx_word' id='word_1_112' title='bbox 275 1369 330 1434; x_wconf 84' lang='lat' dir='ltr'>lux,</span> <span class='ocrx_word' id='word_1_113' title='bbox 349 1384 411 1421; x_wconf 88' lang='lat' dir='ltr'>mea</span> <span class='ocrx_word' id='word_1_114' title='bbox 428 1367 450 1420; x_wconf 92' lang='lat' dir='ltr'>si</span> <span class='ocrx_word' id='word_1_115' title='bbox 469 1382 522 1420; x_wconf 88' lang='lat' dir='ltr'>uon</span> <span class='ocrx_word' id='word_1_116' title='bbox 538 1367 621 1420; x_wconf 89' lang='lat' dir='ltr'>inrita</span> <span class='ocrx_word' id='word_1_117' title='bbox 638 1367 712 1419; x_wconf 90' lang='lat' dir='ltr'>dicta</span> <span class='ocrx_word' id='word_1_118' title='bbox 730 1368 842 1436; x_wconf 79' lang='lat' dir='ltr'>putaris,</span> 
     </span>
     <span class='ocr_line' id='line_1_18' title="bbox 129 1442 983 1513; baseline 0 -15"><span class='ocrx_word' id='word_1_119' title='bbox 129 1445 257 1513; x_wconf 89' lang='lat' dir='ltr'>Ingentis</span> <span class='ocrx_word' id='word_1_120' title='bbox 276 1445 397 1498; x_wconf 83' lang='lat' dir='ltr'>Rutulae</span> <span class='ocrx_word' id='word_1_121' title='bbox 416 1442 552 1512; x_wconf 75' lang='lat' dir='ltr'>spectabit</span> <span class='ocrx_word' id='word_1_122' title='bbox 570 1443 661 1496; x_wconf 86' lang='lat' dir='ltr'>caedis</span> <span class='ocrx_word' id='word_1_123' title='bbox 679 1459 796 1497; x_wconf 85' lang='lat' dir='ltr'>acervos.</span> <span class='ocrx_word' id='word_1_124' title='bbox 946 1457 983 1498; x_wconf 69' lang='grc'>155</span> 
     </span>
     <span class='ocr_line' id='line_1_19' title="bbox 129 1518 826 1588; baseline -0.003 -14"><span class='ocrx_word' id='word_1_125' title='bbox 129 1521 260 1575; x_wconf 75' lang='lat' dir='ltr'>Dixerat:</span> <span class='ocrx_word' id='word_1_126' title='bbox 279 1525 307 1576; x_wconf 90' lang='grc'>55</span> <span class='ocrx_word' id='word_1_127' title='bbox 325 1521 425 1574; x_wconf 80' lang='lat' dir='ltr'>dextra</span> <span class='ocrx_word' id='word_1_128' title='bbox 443 1518 587 1572; x_wconf 84' lang='lat' dir='ltr'>discedens</span> <span class='ocrx_word' id='word_1_129' title='bbox 613 1518 716 1588; x_wconf 88' lang='lat' dir='ltr'>inpulit</span> <span class='ocrx_word' id='word_1_130' title='bbox 734 1519 826 1588; x_wconf 80' lang='lat' dir='ltr'>altam,</span> 
     </span>
    </p>

    <p class='ocr_par' dir='ltr' id='par_1_7' title="bbox 129 1594 924 1741">
     <span class='ocr_line' id='line_1_20' title="bbox 130 1594 924 1664; baseline 0 -14"><span class='ocrx_word' id='word_1_131' title='bbox 130 1596 216 1650; x_wconf 82' lang='lat' dir='ltr'>Haud</span> <span class='ocrx_word' id='word_1_132' title='bbox 233 1597 328 1664; x_wconf 88' lang='lat' dir='ltr'>ignara</span> <span class='ocrx_word' id='word_1_133' title='bbox 346 1597 427 1664; x_wconf 85' lang='lat' dir='ltr'>modi,</span> <span class='ocrx_word' id='word_1_134' title='bbox 446 1594 566 1664; x_wconf 88' lang='lat' dir='ltr'>puppim.</span> <span class='ocrx_word' id='word_1_135' title='bbox 604 1595 687 1663; x_wconf 79' lang='lat' dir='ltr'>Fugit</span> <span class='ocrx_word' id='word_1_136' title='bbox 705 1595 752 1648; x_wconf 87' lang='lat' dir='ltr'>illa</span> <span class='ocrx_word' id='word_1_137' title='bbox 769 1613 819 1664; x_wconf 90' lang='lat' dir='ltr'>per</span> <span class='ocrx_word' id='word_1_138' title='bbox 836 1597 924 1650; x_wconf 87' lang='lat' dir='ltr'>undas</span> 
     </span>
     <span class='ocr_line' id='line_1_21' title="bbox 129 1672 808 1741; baseline 0.001 -16"><span class='ocrx_word' id='word_1_139' title='bbox 129 1672 213 1727; x_wconf 81' lang='lat' dir='ltr'>Ocior</span> <span class='ocrx_word' id='word_1_140' title='bbox 231 1678 259 1727; x_wconf 91' lang='lat' dir='ltr'>et</span> <span class='ocrx_word' id='word_1_141' title='bbox 276 1673 363 1726; x_wconf 79' lang='grc'>1551115</span> <span class='ocrx_word' id='word_1_142' title='bbox 382 1676 410 1726; x_wconf 90' lang='grc'>55</span> <span class='ocrx_word' id='word_1_143' title='bbox 428 1676 525 1725; x_wconf 85' lang='lat' dir='ltr'>uentos</span> <span class='ocrx_word' id='word_1_144' title='bbox 543 1675 680 1740; x_wconf 88' lang='lat' dir='ltr'>aequante</span> <span class='ocrx_word' id='word_1_145' title='bbox 698 1674 808 1741; x_wconf 87' lang='lat' dir='ltr'>sagitta.</span> 
     </span>
    </p>

    <p class='ocr_par' dir='ltr' id='par_1_8' title="bbox 130 1748 877 1816">
     <span class='ocr_line' id='line_1_22' title="bbox 130 1748 877 1816; baseline 0.001 -15"><span class='ocrx_word' id='word_1_146' title='bbox 130 1748 202 1802; x_wconf 90' lang='lat' dir='ltr'>Inde</span> <span class='ocrx_word' id='word_1_147' title='bbox 219 1749 289 1802; x_wconf 88' lang='lat' dir='ltr'>aliae</span> <span class='ocrx_word' id='word_1_148' title='bbox 307 1749 427 1802; x_wconf 87' lang='lat' dir='ltr'>celerant</span> <span class='ocrx_word' id='word_1_149' title='bbox 444 1763 548 1801; x_wconf 89' lang='lat' dir='ltr'>cursus.</span> <span class='ocrx_word' id='word_1_150' title='bbox 583 1748 683 1816; x_wconf 80' lang='lat' dir='ltr'>Stupet</span> <span class='ocrx_word' id='word_1_151' title='bbox 701 1748 801 1802; x_wconf 90' lang='lat' dir='ltr'>inscius</span> <span class='ocrx_word' id='word_1_152' title='bbox 819 1750 877 1816; x_wconf 89' lang='lat' dir='ltr'>ipse</span> 
     </span>
    </p>
   </div>
   <div class='ocr_carea' id='block_1_3' title="bbox 24 1817 983 1889">
    <p class='ocr_par' dir='ltr' id='par_1_9' title="bbox 24 1817 983 1889">
     <span class='ocr_line' id='line_1_23' title="bbox 24 1817 983 1889; baseline -0.001 -11"><span class='ocrx_word' id='word_1_153' title='bbox 24 1817 31 1828; x_wconf 68' lang='lat'>⁸</span> <span class='ocrx_word' id='word_1_154' title='bbox 129 1825 197 1878; x_wconf 81' lang='lat' dir='ltr'>Tros</span> <span class='ocrx_word' id='word_1_155' title='bbox 216 1824 412 1889; x_wconf 83' lang='lat' dir='ltr'>Anchisiades3</span> <span class='ocrx_word' id='word_1_156' title='bbox 430 1825 533 1877; x_wconf 89' lang='lat' dir='ltr'>animos</span> <span class='ocrx_word' id='word_1_157' title='bbox 550 1827 643 1878; x_wconf 87' lang='lat' dir='ltr'>tamen</span> <span class='ocrx_word' id='word_1_158' title='bbox 662 1825 751 1878; x_wconf 90' lang='lat' dir='ltr'>omine</span> <span class='ocrx_word' id='word_1_159' title='bbox 770 1825 849 1888; x_wconf 79' lang='lat' dir='ltr'>tollit.</span> <span class='ocrx_word' id='word_1_160' title='bbox 947 1839 983 1877; x_wconf 83' lang='grc'>555</span> 
     </span>
    </p>
   </div>
   <div class='ocr_carea' id='block_1_4' title="bbox 129 1900 1012 3259">
    <p class='ocr_par' dir='ltr' id='par_1_10' title="bbox 129 1900 911 2121">
     <span class='ocr_line' id='line_1_24' title="bbox 129 1900 911 1972; baseline 0 -18"><span class='ocrx_word' id='word_1_161' title='bbox 129 1902 199 1954; x_wconf 82' lang='lat' dir='ltr'>Tum</span> <span class='ocrx_word' id='word_1_162' title='bbox 217 1900 338 1955; x_wconf 88' lang='lat' dir='ltr'>breviter</span> <span class='ocrx_word' id='word_1_163' title='bbox 351 1920 448 1972; x_wconf 87' lang='lat' dir='ltr'>supera</span> <span class='ocrx_word' id='word_1_164' title='bbox 460 1903 622 1972; x_wconf 84' lang='lat' dir='ltr'>adspectans</span> <span class='ocrx_word' id='word_1_165' title='bbox 633 1917 753 1955; x_wconf 85' lang='lat' dir='ltr'>convexa</span> <span class='ocrx_word' id='word_1_166' title='bbox 770 1903 911 1969; x_wconf 83' lang='lat' dir='ltr'>precatur:</span> 
     </span>
     <span class='ocr_line' id='line_1_25' title="bbox 131 1975 852 2046; baseline -0.001 -17"><span class='ocrx_word' id='word_1_167' title='bbox 131 1979 214 2031; x_wconf 88' lang='lat' dir='ltr'>Alma</span> <span class='ocrx_word' id='word_1_168' title='bbox 230 1994 329 2046; x_wconf 90' lang='lat' dir='ltr'>parens</span> <span class='ocrx_word' id='word_1_169' title='bbox 349 1977 433 2030; x_wconf 88' lang='lat' dir='ltr'>Idaea</span> <span class='ocrx_word' id='word_1_170' title='bbox 452 1977 541 2042; x_wconf 86' lang='lat' dir='ltr'>deum,</span> <span class='ocrx_word' id='word_1_171' title='bbox 561 1978 604 2030; x_wconf 92' lang='lat' dir='ltr'>cui</span> <span class='ocrx_word' id='word_1_172' title='bbox 621 1977 758 2044; x_wconf 84' lang='lat' dir='ltr'>Dindyma</span> <span class='ocrx_word' id='word_1_173' title='bbox 777 1975 852 2029; x_wconf 89' lang='lat' dir='ltr'>cordi</span> 
     </span>
     <span class='ocr_line' id='line_1_26' title="bbox 129 2051 877 2121; baseline -0.003 -15"><span class='ocrx_word' id='word_1_174' title='bbox 129 2053 347 2121; x_wconf 83' lang='lat' dir='ltr'>Turrigeraeque</span> <span class='ocrx_word' id='word_1_175' title='bbox 363 2053 446 2106; x_wconf 88' lang='lat' dir='ltr'>urbes</span> <span class='ocrx_word' id='word_1_176' title='bbox 464 2052 607 2121; x_wconf 87' lang='lat' dir='ltr'>biiugique</span> <span class='ocrx_word' id='word_1_177' title='bbox 626 2052 662 2104; x_wconf 87' lang='lat' dir='ltr'>ad</span> <span class='ocrx_word' id='word_1_178' title='bbox 679 2052 757 2105; x_wconf 83' lang='lat' dir='ltr'>frena</span> <span class='ocrx_word' id='word_1_179' title='bbox 776 2051 877 2119; x_wconf 91' lang='lat' dir='ltr'>leones,</span> 
     </span>
    </p>

    <p class='ocr_par' dir='ltr' id='par_1_11' title="bbox 129 2122 983 2334">
     <span class='ocr_line' id='line_1_27' title="bbox 129 2122 932 2198; baseline -0.001 -16"><span class='ocrx_word' id='word_1_180' title='bbox 129 2129 172 2182; x_wconf 75' lang='grc'>’111</span> <span class='ocrx_word' id='word_1_181' title='bbox 189 2122 256 2182; x_wconf 67' lang='lat' dir='ltr'>num</span> <span class='ocrx_word' id='word_1_182' title='bbox 274 2145 344 2182; x_wconf 86' lang='lat' dir='ltr'>nuno</span> <span class='ocrx_word' id='word_1_183' title='bbox 362 2145 470 2198; x_wconf 86' lang='lat' dir='ltr'>pugnae</span> <span class='ocrx_word' id='word_1_184' title='bbox 488 2129 621 2197; x_wconf 86' lang='lat' dir='ltr'>princeps,</span> <span class='ocrx_word' id='word_1_185' title='bbox 641 2132 673 2181; x_wconf 93' lang='grc'>511</span> <span class='ocrx_word' id='word_1_186' title='bbox 691 2128 745 2181; x_wconf 82' lang='grc'>1155</span> <span class='ocrx_word' id='word_1_187' title='bbox 764 2128 932 2197; x_wconf 87' lang='lat' dir='ltr'>propinques</span> 
     </span>
     <span class='ocr_line' id='line_1_28' title="bbox 130 2203 983 2272; baseline -0.001 -13"><span class='ocrx_word' id='word_1_188' title='bbox 130 2205 295 2272; x_wconf 80' lang='lat' dir='ltr'>Augurium,</span> <span class='ocrx_word' id='word_1_189' title='bbox 309 2204 517 2272; x_wconf 84' lang='lat' dir='ltr'>Phrygibusque</span> <span class='ocrx_word' id='word_1_190' title='bbox 530 2204 604 2256; x_wconf 89' lang='lat' dir='ltr'>adsis</span> <span class='ocrx_word' id='word_1_191' title='bbox 616 2203 695 2271; x_wconf 89' lang='lat' dir='ltr'>pede,</span> <span class='ocrx_word' id='word_1_192' title='bbox 708 2203 777 2270; x_wconf 88' lang='lat' dir='ltr'>diva,</span> <span class='ocrx_word' id='word_1_193' title='bbox 791 2205 917 2257; x_wconf 84' lang='lat' dir='ltr'>secundo.</span> <span class='ocrx_word' id='word_1_194' title='bbox 948 2219 983 2258; x_wconf 82' lang='lat'>25⁵</span> 
     </span>
     <span class='ocr_line' id='line_1_29' title="bbox 129 2278 827 2334; baseline -0.001 -1"><span class='ocrx_word' id='word_1_195' title='bbox 129 2281 248 2334; x_wconf 76' lang='lat' dir='ltr'>Tantum</span> <span class='ocrx_word' id='word_1_196' title='bbox 266 2280 371 2334; x_wconf 84' lang='lat' dir='ltr'>effatus.</span> <span class='ocrx_word' id='word_1_197' title='bbox 407 2280 443 2332; x_wconf 80' lang='lat' dir='ltr'>Iit</span> <span class='ocrx_word' id='word_1_198' title='bbox 461 2280 568 2332; x_wconf 86' lang='lat' dir='ltr'>interea</span> <span class='ocrx_word' id='word_1_199' title='bbox 586 2278 710 2332; x_wconf 84' lang='lat' dir='ltr'>revoluta</span> <span class='ocrx_word' id='word_1_200' title='bbox 728 2278 827 2332; x_wconf 87' lang='lat' dir='ltr'>ruebat</span> 
     </span>
    </p>

    <p class='ocr_par' dir='ltr' id='par_1_12' title="bbox 129 2356 801 2423">
     <span class='ocr_line' id='line_1_30' title="bbox 129 2356 801 2423; baseline 0.001 -15"><span class='ocrx_word' id='word_1_201' title='bbox 129 2357 242 2410; x_wconf 85' lang='lat' dir='ltr'>Matura</span> <span class='ocrx_word' id='word_1_202' title='bbox 258 2356 313 2409; x_wconf 88' lang='lat' dir='ltr'>iam</span> <span class='ocrx_word' id='word_1_203' title='bbox 330 2356 391 2409; x_wconf 91' lang='lat' dir='ltr'>luce</span> <span class='ocrx_word' id='word_1_204' title='bbox 410 2357 477 2423; x_wconf 83' lang='lat' dir='ltr'>dies,</span> <span class='ocrx_word' id='word_1_205' title='bbox 496 2359 660 2423; x_wconf 84' lang='lat' dir='ltr'>noctemque</span> <span class='ocrx_word' id='word_1_206' title='bbox 678 2357 801 2423; x_wconf 82' lang='lat' dir='ltr'>fugarat:</span> 
     </span>
    </p>

    <p class='ocr_par' dir='ltr' id='par_1_13' title="bbox 130 2431 745 2500">
     <span class='ocr_line' id='line_1_31' title="bbox 130 2431 745 2500; baseline 0 -16"><span class='ocrx_word' id='word_1_207' title='bbox 130 2431 268 2500; x_wconf 91' lang='lat' dir='ltr'>Principio</span> <span class='ocrx_word' id='word_1_208' title='bbox 287 2433 365 2485; x_wconf 87' lang='lat' dir='ltr'>sociis</span> <span class='ocrx_word' id='word_1_209' title='bbox 383 2433 474 2499; x_wconf 84' lang='lat' dir='ltr'>edicit,</span> <span class='ocrx_word' id='word_1_210' title='bbox 493 2432 570 2498; x_wconf 87' lang='lat' dir='ltr'>signa</span> <span class='ocrx_word' id='word_1_211' title='bbox 589 2435 745 2500; x_wconf 84' lang='lat' dir='ltr'>sequantur,</span> 
     </span>
    </p>

    <p class='ocr_par' dir='ltr' id='par_1_14' title="bbox 130 2508 1012 2880">
     <span class='ocr_line' id='line_1_32' title="bbox 131 2508 1012 2576; baseline 0.006 -15"><span class='ocrx_word' id='word_1_212' title='bbox 131 2510 227 2576; x_wconf 90' lang='lat' dir='ltr'>Atque</span> <span class='ocrx_word' id='word_1_213' title='bbox 244 2509 348 2560; x_wconf 90' lang='lat' dir='ltr'>animos</span> <span class='ocrx_word' id='word_1_214' title='bbox 366 2511 463 2576; x_wconf 89' lang='lat' dir='ltr'>aptent</span> <span class='ocrx_word' id='word_1_215' title='bbox 483 2508 571 2573; x_wconf 87' lang='lat' dir='ltr'>armis,</span> <span class='ocrx_word' id='word_1_216' title='bbox 591 2523 754 2576; x_wconf 84' lang='lat' dir='ltr'>pugnaeque</span> <span class='ocrx_word' id='word_1_217' title='bbox 771 2513 870 2576; x_wconf 87' lang='lat' dir='ltr'>parent</span> <span class='ocrx_word' id='word_1_218' title='bbox 888 2526 924 2565; x_wconf 90' lang='lat' dir='ltr'>se.</span> <span class='ocrx_word' id='word_1_219' title='bbox 1004 2552 1012 2566; x_wconf 90' lang='lat'><em>.</em></span> 
     </span>
     <span class='ocr_line' id='line_1_33' title="bbox 131 2583 982 2652; baseline 0 -16"><span class='ocrx_word' id='word_1_220' title='bbox 131 2585 247 2652; x_wconf 87' lang='lat' dir='ltr'>Iamque</span> <span class='ocrx_word' id='word_1_221' title='bbox 265 2585 294 2636; x_wconf 93' lang='lat' dir='ltr'>in</span> <span class='ocrx_word' id='word_1_222' title='bbox 312 2587 459 2652; x_wconf 88' lang='lat' dir='ltr'>conspectu</span> <span class='ocrx_word' id='word_1_223' title='bbox 479 2584 596 2636; x_wconf 89' lang='lat' dir='ltr'>Teucros</span> <span class='ocrx_word' id='word_1_224' title='bbox 614 2583 699 2636; x_wconf 90' lang='lat' dir='ltr'>habet</span> <span class='ocrx_word' id='word_1_225' title='bbox 718 2587 747 2637; x_wconf 90' lang='lat' dir='ltr'>et</span> <span class='ocrx_word' id='word_1_226' title='bbox 765 2601 813 2636; x_wconf 87' lang='lat' dir='ltr'>sua</span> <span class='ocrx_word' id='word_1_227' title='bbox 831 2589 928 2652; x_wconf 88' lang='lat' dir='ltr'>castra,</span> <span class='ocrx_word' id='word_1_228' title='bbox 948 2599 982 2636; x_wconf 83' lang='lat' dir='ltr'>aec</span> 
     </span>
     <span class='ocr_line' id='line_1_34' title="bbox 130 2659 921 2728; baseline 0.001 -14"><span class='ocrx_word' id='word_1_229' title='bbox 130 2659 212 2714; x_wconf 82' lang='lat' dir='ltr'>Stans</span> <span class='ocrx_word' id='word_1_230' title='bbox 230 2661 301 2714; x_wconf 87' lang='lat' dir='ltr'>celsa</span> <span class='ocrx_word' id='word_1_231' title='bbox 318 2661 346 2713; x_wconf 90' lang='lat' dir='ltr'>in</span> <span class='ocrx_word' id='word_1_232' title='bbox 364 2659 458 2728; x_wconf 90' lang='lat' dir='ltr'>puppi,</span> <span class='ocrx_word' id='word_1_233' title='bbox 476 2660 593 2728; x_wconf 88' lang='lat' dir='ltr'>clipeum</span> <span class='ocrx_word' id='word_1_234' title='bbox 612 2676 673 2712; x_wconf 90' lang='lat' dir='ltr'>cum</span> <span class='ocrx_word' id='word_1_235' title='bbox 692 2660 793 2714; x_wconf 88' lang='lat' dir='ltr'>deinde</span> <span class='ocrx_word' id='word_1_236' title='bbox 812 2661 921 2714; x_wconf 87' lang='lat' dir='ltr'>sinistra</span> 
     </span>
     <span class='ocr_line' id='line_1_35' title="bbox 131 2735 878 2791; baseline 0.001 -3"><span class='ocrx_word' id='word_1_237' title='bbox 131 2737 239 2790; x_wconf 85' lang='lat' dir='ltr'>Extulit</span> <span class='ocrx_word' id='word_1_238' title='bbox 257 2737 406 2790; x_wconf 88' lang='lat' dir='ltr'>ardentem.</span> <span class='ocrx_word' id='word_1_239' title='bbox 444 2736 596 2790; x_wconf 84' lang='lat' dir='ltr'>Clamorem</span> <span class='ocrx_word' id='word_1_240' title='bbox 614 2735 650 2788; x_wconf 87' lang='lat' dir='ltr'>ad</span> <span class='ocrx_word' id='word_1_241' title='bbox 669 2735 760 2789; x_wconf 86' lang='lat' dir='ltr'>sidera</span> <span class='ocrx_word' id='word_1_242' title='bbox 778 2737 878 2791; x_wconf 89' lang='lat' dir='ltr'>tollunt</span> 
     </span>
     <span class='ocr_line' id='line_1_36' title="bbox 131 2811 875 2880; baseline 0.003 -16"><span class='ocrx_word' id='word_1_243' title='bbox 131 2813 307 2866; x_wconf 84' lang='lat' dir='ltr'>Dardanidae</span> <span class='ocrx_word' id='word_1_244' title='bbox 326 2831 342 2866; x_wconf 91' lang='lat' dir='ltr'>c</span> <span class='ocrx_word' id='word_1_245' title='bbox 359 2813 460 2876; x_wconf 87' lang='lat' dir='ltr'>muris;</span> <span class='ocrx_word' id='word_1_246' title='bbox 479 2829 541 2880; x_wconf 89' lang='lat' dir='ltr'>spes</span> <span class='ocrx_word' id='word_1_247' title='bbox 558 2811 654 2866; x_wconf 88' lang='lat' dir='ltr'>addita</span> <span class='ocrx_word' id='word_1_248' title='bbox 673 2813 787 2868; x_wconf 90' lang='lat' dir='ltr'>suscitat</span> <span class='ocrx_word' id='word_1_249' title='bbox 805 2814 875 2879; x_wconf 90' lang='lat' dir='ltr'>iras;</span> 
     </span>
    </p>

    <p class='ocr_par' dir='ltr' id='par_1_15' title="bbox 131 2887 983 3110">
     <span class='ocr_line' id='line_1_37' title="bbox 131 2887 832 2957; baseline 0 -15"><span class='ocrx_word' id='word_1_250' title='bbox 131 2887 196 2942; x_wconf 80' lang='lat' dir='ltr'>Tela</span> <span class='ocrx_word' id='word_1_251' title='bbox 214 2907 295 2942; x_wconf 87' lang='lat' dir='ltr'>manu</span> <span class='ocrx_word' id='word_1_252' title='bbox 313 2890 429 2954; x_wconf 81' lang='lat' dir='ltr'>iaciunt3</span> <span class='ocrx_word' id='word_1_253' title='bbox 448 2890 542 2957; x_wconf 87' lang='lat' dir='ltr'>quales</span> <span class='ocrx_word' id='word_1_254' title='bbox 560 2887 610 2942; x_wconf 88' lang='lat' dir='ltr'>sub</span> <span class='ocrx_word' id='word_1_255' title='bbox 627 2889 746 2943; x_wconf 90' lang='lat' dir='ltr'>nubibus</span> <span class='ocrx_word' id='word_1_256' title='bbox 765 2890 832 2944; x_wconf 86' lang='lat' dir='ltr'>atris</span> 
     </span>
     <span class='ocr_line' id='line_1_38' title="bbox 131 2966 983 3034; baseline -0.004 -16"><span class='ocrx_word' id='word_1_257' title='bbox 131 2966 302 3034; x_wconf 84' lang='lat' dir='ltr'>Strymoniae</span> <span class='ocrx_word' id='word_1_258' title='bbox 315 2966 383 3020; x_wconf 88' lang='lat' dir='ltr'>dant</span> <span class='ocrx_word' id='word_1_259' title='bbox 396 2967 473 3033; x_wconf 89' lang='lat' dir='ltr'>signa</span> <span class='ocrx_word' id='word_1_260' title='bbox 484 2981 573 3033; x_wconf 77' lang='lat' dir='ltr'>grues,</span> <span class='ocrx_word' id='word_1_261' title='bbox 585 2969 669 3034; x_wconf 88' lang='lat' dir='ltr'>atque</span> <span class='ocrx_word' id='word_1_262' title='bbox 682 2966 926 3022; x_wconf 82' lang='grc' dir='ltr'>55511515515115115Ι</span> <span class='ocrx_word' id='word_1_263' title='bbox 946 2976 983 3016; x_wconf 84' lang='grc'>555</span> 
     </span>
     <span class='ocr_line' id='line_1_39' title="bbox 132 3039 887 3110; baseline -0.005 -14"><span class='ocrx_word' id='word_1_264' title='bbox 132 3042 201 3096; x_wconf 81' lang='lat' dir='ltr'>Cum</span> <span class='ocrx_word' id='word_1_265' title='bbox 220 3043 319 3109; x_wconf 82' lang='lat' dir='ltr'>sonitu,</span> <span class='ocrx_word' id='word_1_266' title='bbox 338 3043 501 3110; x_wconf 83' lang='lat' dir='ltr'>fugiuntque</span> <span class='ocrx_word' id='word_1_267' title='bbox 520 3040 545 3092; x_wconf 90' lang='grc' dir='ltr'>Ν</span> <span class='ocrx_word' id='word_1_268' title='bbox 548 3044 607 3094; x_wconf 85' lang='grc'>5555</span> <span class='ocrx_word' id='word_1_269' title='bbox 625 3042 742 3094; x_wconf 90' lang='lat' dir='ltr'>clamore</span> <span class='ocrx_word' id='word_1_270' title='bbox 761 3039 887 3094; x_wconf 88' lang='lat' dir='ltr'>secundo.</span> 
     </span>
    </p>

    <p class='ocr_par' dir='ltr' id='par_1_16' title="bbox 133 3116 799 3188">
     <span class='ocr_line' id='line_1_40' title="bbox 133 3116 799 3188; baseline -0.003 -16"><span class='ocrx_word' id='word_1_271' title='bbox 133 3122 173 3172; x_wconf 83' lang='lat' dir='ltr'>At</span> <span class='ocrx_word' id='word_1_272' title='bbox 192 3118 294 3172; x_wconf 88' lang='lat' dir='ltr'>Rutulo</span> <span class='ocrx_word' id='word_1_273' title='bbox 311 3120 370 3188; x_wconf 90' lang='lat' dir='ltr'>regi</span> <span class='ocrx_word' id='word_1_274' title='bbox 388 3118 557 3185; x_wconf 89' lang='lat' dir='ltr'>ducibusque</span> <span class='ocrx_word' id='word_1_275' title='bbox 575 3135 608 3170; x_wconf 90' lang='lat' dir='ltr'>ea</span> <span class='ocrx_word' id='word_1_276' title='bbox 625 3117 695 3169; x_wconf 86' lang='lat' dir='ltr'>mira</span> <span class='ocrx_word' id='word_1_277' title='bbox 711 3116 799 3170; x_wconf 87' lang='lat' dir='ltr'>videri</span> 
     </span>
    </p>

    <p class='ocr_par' dir='ltr' id='par_1_17' title="bbox 134 3191 752 3259">
     <span class='ocr_line' id='line_1_41' title="bbox 134 3191 752 3259; baseline -0.013 -11"><span class='ocrx_word' id='word_1_278' title='bbox 134 3195 269 3259; x_wconf 83' lang='lat' dir='ltr'>Ausoniis,</span> <span class='ocrx_word' id='word_1_279' title='bbox 289 3194 374 3248; x_wconf 84' lang='lat' dir='ltr'>donec</span> <span class='ocrx_word' id='word_1_280' title='bbox 391 3210 484 3246; x_wconf 86' lang='lat' dir='ltr'>versas</span> <span class='ocrx_word' id='word_1_281' title='bbox 501 3193 537 3244; x_wconf 89' lang='lat' dir='ltr'>ad</span> <span class='ocrx_word' id='word_1_282' title='bbox 554 3192 635 3244; x_wconf 88' lang='lat' dir='ltr'>litora</span> <span class='ocrx_word' id='word_1_283' title='bbox 653 3191 752 3256; x_wconf 86' lang='lat' dir='ltr'>puppis</span> 
     </span>
    </p>
   </div>
   <div class='ocr_carea' id='block_1_5' title="bbox 0 0 1099 3506">
    <p class='ocr_par' dir='ltr' id='par_1_18' title="bbox 0 0 1099 3506">
     <span class='ocr_line' id='line_1_42' title="bbox 0 0 1099 3506; baseline 0 0"><span class='ocrx_word' id='word_1_284' title='bbox 0 0 1099 3506; x_wconf 95' lang='lat' dir='ltr'> </span> 
     </span>
    </p>
   </div>
  </div>
 </body>
</html>
