2154 3518
453 547 688 616 LECTORI.

524 777 624 799 —4—

204 972 249 1027 Du
264 973 315 1027 hac
332 990 393 1028 mea
410 974 499 1044 opella
515 991 568 1028 non
587 977 630 1027 cst
647 991 696 1027 cur
714 973 800 1027 multa
816 973 911 1026 dicam.
941 972 997 1026 Vo-

152 1063 256 1120 lueram
275 1072 351 1121 certe
371 1072 464 1122 textus
485 1070 634 1136 Vergiliani
655 1068 838 1122 recensionem
861 1084 914 1119 non
933 1070 997 1120 ante

152 1159 280 1212 emittere
299 1177 380 1227 quam
392 1165 454 1228 post
466 1160 618 1213 absolutum
637 1160 712 1213 illum
725 1160 801 1212 cuins
813 1159 924 1213 tertiam
935 1174 996 1227 par-

152 1254 208 1304 tem
227 1255 291 1305 ante
311 1252 415 1319 aliquot
439 1267 547 1304 aienses
571 1251 646 1304 edidi
671 1251 910 1304 commentarium:
934 1266 995 1302 cum

61 1391 64 1396 .
151 1347 244 1398 autem
267 1344 384 1397 instaret
402 1343 567 1410 redemptor,
585 1343 733 1395 consultius
751 1343 861 1396 tandem
881 1341 947 1394 duxi
964 1345 997 1394 ut

151 1437 219 1506 quid
247 1453 353 1505 possem
375 1437 434 1503 ipse
456 1437 596 1504 experirer
620 1453 700 1503 quam
720 1440 750 1488 ut
768 1436 836 1488 alius
865 1437 995 1488 minorem

150 1528 219 1582 alius
236 1529 364 1581 maiorem
383 1528 532 1581 editionem
550 1527 648 1581 iisdem
666 1528 769 1582 scilieet
781 1527 908 1597 auspiciis
920 1545 996 1582 eura-

150 1626 200 1677 ret.
236 1622 317 1676 Unde
328 1623 429 1676 factum
442 1625 485 1674 est
496 1627 527 1674 ut
539 1621 680 1676 nonnullas
697 1621 827 1675 lectiones
839 1620 995 1675 admiserim

150 1733 264 1783 quarum
282 1720 330 1768 aut
346 1732 416 1768 nunc
434 1715 558 1783 poenitet
576 1719 624 1767 aut
641 1713 753 1782 posthac
771 1714 886 1768 fortasse
904 1715 995 1783 poeui-

149 1809 227 1863 tebit.
263 1808 350 1862 Verbi
376 1825 464 1875 eausa‚
491 1826 521 1861 re
548 1808 681 1861 maturius
705 1825 847 1877 perpensa,
872 1809 901 1862 in
922 1809 995 1861 Acar.

148 1901 194 1955 lib.
208 1917 249 1955 111.
263 1907 320 1967 614,
340 1902 465 1966 scaniae,
487 1901 514 1953 in
527 1902 598 1954 Aca.
617 1900 663 1953 lib.
677 1916 714 1953 vr.
729 1906 780 1954 332
803 1900 899 1954 citimi
918 1917 995 1966 prae-

148 1995 290 2049 ferendam
303 2011 407 2060 censeo,
420 1995 474 2047 illic
487 1995 604 2048 lllcdicei
617 1995 786 2063 aliorumque
799 1994 921 2047 codicum
934 2011 995 2046 auc-

147 2090 268 2153 toritate,
277 2088 322 2141 hie
335 2088 435 2156 partim
449 2087 571 2139 eiusdem
588 2077 706 2140 Medicei
719 2088 882 2141 auctoritate
894 2088 994 2156 partim

146 2179 197 2236 leci
215 2181 337 2248 germani
357 2182 428 2233 Aea.
442 2179 487 2232 lib.
501 2198 525 2232 x.
540 2185 598 2246 686,
616 2179 663 2232 ubi
682 2181 788 2234 codices
806 2182 927 2250 potiores
945 2198 994 2250 pro

146 2277 243 2330 animi
261 2275 559 2344 pugnant‚testi1uonio
574 2279 721 2344 permotus.
760 2275 913 2328 Dolendum
930 2291 995 2328 sane

146 2375 204 2440 hoc,
220 2390 309 2441 neque
325 2377 417 2426 tamen
432 2373 518 2442 pluris
534 2390 622 2442 aequo
636 2373 799 2427 faciendum.
836 2373 943 2442 Quippe
962 2356 1013 2426 ca*

146 2471 190 2522 est
210 2467 293 2520 hodie
308 2470 401 2520 textus
414 2466 565 2534 Vergiliani
581 2466 701 2519 conditio
719 2471 750 2519 ut
768 2467 814 2534 qui
833 2464 937 2518 modica
954 2466 993 2519 rei

145 2561 256 2616 criticae
276 2562 389 2614 scicntia
409 2561 558 2624 instructus
578 2576 673 2612 novam
693 2562 791 2627 poetae
810 2558 994 2611 recensionem

146 2656 290 2710 instituere
307 2655 373 2708 velit
385 2656 430 2707 vix
449 2655 621 2708 committere
639 2654 726 2722 possit
744 2657 775 2707 ut
794 2670 852 2706 ram
868 2670 923 2706 non
937 2654 994 2707 feli-

146 2749 217 2803 citer
238 2738 325 2816 gerat,
344 2743 426 2802 modo
447 2765 490 2816 ne,
508 2752 540 2802 ut
557 2765 645 2816 nuper
661 2764 678 2801 a
696 2764 750 2800 non
767 2748 874 2801 nemine
891 2748 993 2801 factum

146 2846 197 2908 est,
217 2842 244 2894 ia
265 2846 342 2895 tanta
361 2841 493 2894 librorum
513 2841 759 2909 manuscriptorum
778 2841 855 2909 eopia
874 2843 922 2894 aut
939 2840 994 2894 suis

146 2939 194 2989 aut
211 2935 305 2988 alienis
323 2934 485 2988 coniecturis
503 2933 641 2988 abutatur.
678 2933 752 2986 lllud
764 2950 828 2986 vero
844 2934 993 3002 optandum

147 3032 179 3082 ut
190 3029 242 3097 ipsi
255 3027 369 3093 codices,
387 3027 549 3095 praesertim
562 3027 700 3080 Romanus
714 3027 916 3095 Palatinusque,
935 3028 994 3082 dili-

147 3121 256 3190 gcntius
273 3121 461 3174 excutiantur:
487 3119 517 3172 id
535 3119 608 3187 quod
625 3137 642 3174 a
659 3117 818 3173 doctissimo
840 3117 991 3173 Ribbeclrio

148 3214 310 3270 iamdudum
323 3217 520 3285 exspectamus.
