2154 3518
181 145 183 152 ’
253 125 255 128 ’
359 164 548 216 euoenon.
578 161 652 211 non.
671 158 720 210 rx.
929 165 959 209 19
1029 233 1033 242 Ι

111 251 174 306 Has
192 248 256 302 olim
275 247 385 300 exuvias
404 245 470 299 mihi
489 239 610 314 perfidus
628 243 674 297 ille
693 243 814 332 reliquit,

1 313 30 338 '⁴
110 327 230 394 Pignora
248 341 311 378 cara
328 324 387 387 sui;
405 339 476 392 quae
494 338 565 375 nune
583 337 634 388 ego
652 320 768 373 limine'
761 337 789 372 ιιι
807 320 873 388 ipso,

109 404 202 468 Terra,
221 401 272 455 tibi
291 399 409 464 mando;
428 397 531 461 debent
548 398 616 452 haec
633 390 747 465 pignora
766 395 908 464 Daphnim.

109 480 211 533 Ducite
224 477 259 530 ab
270 475 339 530 urbe
352 475 470 541 domum,
484 491 546 532 mea
557 474 684 540 carmina,
696 473 788 526 ducite
801 473 944 541 Daphnim

111 557 171 610 Has
189 553 288 607 herbas
305 555 389 619 atque
407 551 486 604 haec
493 550 580 603 Ponto
598 550 664 602 mihi
681 550 753 604 lectu
770 566 873 602 venena
938 565 963 602 ue

111 632 176 701 Ipse
194 629 273 683 dedit
292 627 410 693 Moeris3
429 629 577 680 nascuntur
594 626 711 693 plurima
730 627 824 680 Ponto.

75 758 80 768 ,
111 709 164 762 llis
183 724 233 775 ego
248 720 333 777 saepe
352 704 447 791 lupum
465 702 573 756 fieriet
561 705 620 755 tss
638 700 754 756 condere
773 703 847 756 silvis

111 784 235 851 Moerim,
255 799 335 851 saepe
354 780 457 846 animas
475 779 537 832 imis
555 778 646 832 excire
664 779 812 867 sepulchris

111 864 207 930 Atque
226 864 298 913 satas
316 858 369 911 alio
387 841 443 910 vidi
462 855 607 910 traducere
624 856 727 909 messis.
939 867 963 908 aa

111 937 194 991 Ducit
182 941 210 990 te
223 936 258 989 ab
270 934 338 988 urbo
352 934 470 1000 domum,
483 949 544 986 mea
552 929 681 998 earmina,
694 931 770 985 ducit
758 936 786 985 te
800 911 943 998 Daphnim.

112 1013 167 1066 ner
184 1014 296 1079 cineres,
318 998 459 1079 Amarylli,
476 1011 555 1077 ieras,
575 1009 688 1077 rivoque
707 1008 801 1062 fluenti

111 1089 252 1158 Transque
263 1087 365 1157 caput'
358 1103 430 1152 race;
441 1103 490 1141 nee
502 1086 662 1154 respexeris
700 1085 753 1138 liis
766 1101 816 1152 ego
827 1084 961 1152 Daphnim

113 1165 286 1233 Adgrediar3
304 1163 371 1218 nihil
388 1163 434 1216 ille
452 1163 526 1230 deos,
544 1163 582 1216 nil
599 1163 718 1216 carmina
736 1166 819 1215 curat.

112 1241 211 1296 Ducite
223 1241 258 1294 ab
269 1240 338 1294 urbe
351 1240 469 1305 domum,
481 1257 542 1294 mea
554 1239 679 1302 earmina,
693 1239 784 1292 ducite
798 1239 941 1306 Daphnim.

112 1319 222 1387 Aspice,
242 1317 374 1384 corripuit
392 1317 516 1370 tremulis
535 1316 632 1369 altaria
649 1316 764 1368 flammis
928 1334 963 1371 ros

112 1395 216 1462 Sponte
235 1411 290 1456 sua,
310 1392 375 1446 dum
393 1394 465 1446 serre
482 1409 581 1458 moror,
598 1392 666 1446 cinis
683 1392 750 1460 ipsc.
788 1393 893 1446 Donum
912 1395 961 1448 sit!

114 1471 212 1525 Nescio
232 1469 298 1537 quid
317 1473 391 1522 certe
410 1473 458 1532 est,
478 1473 506 1522 et
525 1469 615 1537 Hylax
634 1469 660 1522 in
681 1469 771 1522 limine
789 1469 880 1523 latrat.

115 1546 259 1598 Credimus
270 1547 278 1598 l
289 1562 338 1610 van,
357 1547 402 1613 qui
421 1549 520 1608 aurant,
538 1545 589 1614 ipsi
609 1545 659 1599 sibi
679 1546 782 1599 somnia
801 1547 927 1614 hrrguntl

115 1622 231 1689 Parcite,
243 1621 278 1675 ab
291 1621 359 1675 urbe
371 1623 453 1688 venit,
466 1623 528 1685 iam,
541 1623 667 1688 (ιιιιιιιιιιι,
680 1625 792 1690 parcite,
809 1623 940 1692 Daphnis.

355 1761 360 1773 '
408 1792 594 1850 selinon
622 1793 679 1848 rx.
700 1781 784 1876 (uz)

467 1899 611 1948 MOERIS.

404 2000 525 2040 moruus.
561 2002 672 2041 nouum.

115 2075 148 2126 L.
169 2071 228 2137 Quo
241 2077 277 2139 te,
291 2071 386 2135 Moeri,
399 2071 501 2138 pedesl
514 2087 555 2135 an,
568 2087 622 2138 quo
635 2071 678 2123 via
690 2071 774 2135 ducit,
789 2072 816 2124 ιιι
829 2072 946 2128 urbemi

116 2149 156 2201 M.
176 2150 199 2201 O
220 2147 328 2214 Lycida,
346 2145 398 2198 vivi
417 2145 597 2213 pervenimus,
615 2146 719 2200 advena
737 2149 830 2216 nostri,

117 2224 195 2288 Quod
214 2238 362 2289 numquam
380 2221 459 2274 veriti
477 2238 577 2289 sumus,
595 2225 626 2275 ut
643 2239 782 2290 possessor
800 2226 878 2292 agelli

117 2301 242 2353 Diceret:
262 2297 338 2352 Haec
355 2314 416 2351 mea
434 2303 514 2366 sunt;
532 2307 638 2352 veteres
656 2299 772 2368 migrate
789 2301 884 2356 coloni.

117 2377 195 2430 Nunc
213 2375 285 2442 vieti,
304 2373 405 2442 tristes,
424 2376 550 2444 quoniam
570 2376 638 2428 Fors
656 2378 745 2430 omnia
763 2382 862 2444 versat,
953 2395 965 2432 ι

117 2453 176 2506 Hos
194 2451 339 2520 illi-quod
356 2467 406 2504 nee
424 2455 514 2504 vertet
532 2451 770 2507 bene-mittimus
788 2454 895 2508 haedos.

116 2529 149 2582 L.
168 2529 249 2582 Certe
270 2527 397 2596 equidem
415 2529 563 2594 audieram,
583 2548 637 2598 qua
655 2547 684 2585 se
703 2530 854 2584 subducere
872 2531 954 2584 colles

118 2605 263 2675 incipiunt,
284 2604 413 2674 mollique
430 2606 524 2674 iugum
544 2606 690 2660 demittere
709 2607 784 2672 clivo,

117 2681 211 2751 Usque
224 2681 259 2734 ad
272 2699 371 2750 aquam
383 2686 413 2734 et
425 2683 532 2748 veteris,
545 2683 598 2735 iam
610 2683 697 2736 fracta
708 2685 854 2751 cacumina,
865 2684 941 2750 sagos

119 2757 215 2812 Omnia
232 2757 397 2812 camninibus
415 2763 537 2813 vestrum
555 2776 676 2814 servasse
695 2759 843 2814 Menalcan.
942 2773 966 2810 ιο

117 2833 158 2886 M.
178 2835 324 2903 Audieras,
344 2839 373 2888 et
391 2835 463 2889 fama
481 2836 550 2903 fuit3
569 2838 618 2891 sed
636 2837 756 2891 carmina
773 2839 879 2888 tantum

119 2910 220 2965 Nostra
237 2913 335 2979 valent,
355 2912 463 2981 Lycida,
482 2914 538 2968 tela
556 2915 629 2967 inter
647 2913 755 2978 Martia,
773 2917 903 2979 quantum

119 2987 252 3042 Chaonias
270 2990 364 3044 dicunt
382 2991 473 3058 aquila
491 2990 616 3044 veniente
634 2988 778 3042 columbus.

120 3063 266 3128 Quodnisi
284 3082 328 3118 me
347 3082 516 3133 quacumque
534 3080 616 3118 novas
634 3065 754 3117 incidere
772 3063 835 3116 lites

122 3142 194 3194 huto
213 3141 322 3194 sinistra
340 3157 405 3192 cava
422 3141 572 3195 monuisset
590 3141 626 3195 ab
643 3140 704 3194 ilice
722 3140 822 3205 cornix,
943 3153 966 3192 ιι

123 3213 179 3269 h'ee
196 3220 260 3270 tuus
278 3216 322 3270 hie
340 3215 450 3284 Moeris,
468 3235 518 3272 nec
535 3218 640 3271 vireret
657 3217 715 3284 ipse
734 3216 878 3270 Menalcas

195 3293 210 3342 Β
546 3317 551 3324 ‚
585 3297 590 3308 .
