2174 3502
114 149 159 196 192
350 144 379 191 Γ,
396 143 549 192 VERGILI
565 143 731 190 Maeonis

113 226 174 280 Dux
195 225 367 292 Anchisiade,
386 241 436 278 nee
453 241 498 277 me
516 224 585 276 deus
603 240 722 291 aequore
740 225 845 278 mersit.

112 302 237 369 Namque
254 301 450 370 gubernaclum
470 301 557 354 multa
574 301 601 354 vi
619 300 691 353 forto
710 301 855 368 revolsum‚

112 377 162 430 Oui
180 377 261 432 datus
279 377 425 431 haerebam
444 381 536 430 eustos
554 393 705 445 cursusque
727 377 864 445 regebam,
933 395 972 436 me

113 454 297 522 Praecipitans
315 453 387 507 traxi
406 469 518 506 meeum.
557 453 645 506 Maria
664 469 761 522 aspera
779 454 839 506 iuro

112 531 173 584 Non
190 531 275 584 ullum
292 546 343 599 pro
361 548 405 584 me
424 533 532 583 tantum
550 531 654 598 cepisse
672 531 806 598 timerem,

112 607 198 670 Quam
217 611 265 661 tua
283 625 324 674 ne,
344 607 459 675 spoliata
477 607 566 673 armis,
586 623 701 660 excussa
719 607 858 672 magistro,

100 683 249 738 'Deficeret
266 684 351 738 tantis
369 683 445 736 navis
464 682 638 750 surgentibus
658 683 743 737 undis.

111 759 171 812 Tris
189 760 279 813 Notus
296 759 424 814 hibernas
441 760 563 812 inmensa
581 776 630 827 por
649 776 767 827 aequora
784 763 877 811 noetes
932 769 971 809 sss

111 835 197 889 Vexit
215 854 259 889 me
278 837 413 890 violentus
430 852 517 904 aqua;
536 837 581 888 vix
600 835 702 888 lumine
720 838 818 904 quarto

113 911 243 980 Prospexi
262 913 372 966 ltaliam
392 928 497 966 summa
515 911 637 965 sublimis
655 912 692 965 ab
709 911 788 964 unda

113 987 246 1041 Paulatim
264 989 399 1042 adnabam
418 992 526 1053 terrae3
548 987 601 1041 iam
620 993 682 1042 tuta
700 987 834 1054 tenebam,

114 1063 148 1115 Ni
160 1081 233 1130 ,gens
249 1065 368 1118 erudelis
385 1064 496 1118 madida
514 1081 575 1118 eum
595 1068 672 1118 veste
690 1068 832 1131 gravatum

113 1139 346 1210 l'reusantemquo
359 1142 435 1195 uncis
447 1141 573 1194 manibus
587 1141 677 1209 eapite
691 1139 899 1208 asperimontis
930 1153 970 1192 seo

113 1214 197 1269 Ferro
214 1217 363 1282 invasisset,
383 1217 568 1284 praedamque
587 1217 683 1284 ignara
699 1220 831 1285 putasset.

113 1291 191 1345 Nune
209 1309 253 1346 me
270 1293 369 1347 fluetus
387 1293 478 1360 habet,
499 1298 666 1362 versantque
685 1294 712 1346 in
731 1293 810 1346 litore
829 1294 912 1346 venti.

112 1367 192 1430 Quod
210 1373 239 1422 te
256 1386 307 1438 per
324 1370 390 1424 eaeli
409 1371 557 1423 ineundum
576 1370 668 1424 lumen
686 1373 716 1424 et
732 1385 819 1432 aunis,

112 1443 166 1496 Per
183 1445 334 1511 genitorem
353 1463 408 1510 ore,
427 1463 477 1514 por
494 1463 556 1514 spes
577 1447 713 1514 surgentis
733 1445 794 1510 lali,

112 1518 194 1586 Eripe
213 1521 323 1586 mobis,
341 1522 449 1589 invicto,
469 1522 559 1577 arulis:
580 1526 629 1575 aut
646 1527 678 1575 tu
696 1521 762 1574 mihi
780 1525 883 1574 terram
933 1534 970 1573 aa

113 1594 204 1661 Inice,
221 1612 338 1664 namque
356 1601 443 1664 potes,
462 1601 612 1666 portusque
632 1598 742 1666 require
761 1596 887 1659 l'elinos3

112 1671 228 1735 Antia,
247 1671 269 1722 si
288 1675 350 1739 qua'
359 1673 403 1725 via
421 1676 471 1740 ost,
491 1673 514 1724 si
533 1690 613 1740 quam
632 1673 683 1727 tibi
702 1673 766 1726 diva
784 1671 902 1725 creatrix

112 1745 366 1816 Ostendit-neque
384 1750 462 1814 enim,
481 1749 571 1816 eredo,
590 1751 647 1803 sine
666 1750 776 1804 numine
794 1747 884 1800 divom

113 1821 237 1876 Flumina
254 1828 332 1878 tanta
349 1842 429 1893 paras
449 1827 626 1895 Stygiamque
645 1827 739 1879 innare
756 1823 922 1894 paludem-

112 1897 154 1950 Da
170 1898 295 1953 dextram
313 1901 419 1969 misero,
436 1905 465 1956 et
481 1907 573 1954 tecum
588 1917 633 1956 me
649 1902 715 1956 tolle
729 1918 780 1970 per
793 1899 889 1963 undas,
931 1911 970 1950 aro

111 1974 228 2028 Sedibus
245 1980 277 2029 ut
295 1977 391 2032 saltem
412 1977 528 2046 placidis
546 1978 575 2030 in
593 1982 682 2032 morto
700 1979 846 2047 quiescam.

112 2051 186 2105 Talia
202 2051 276 2106 fatus
294 2057 361 2120 erat,
380 2054 470 2122 coepit
489 2070 550 2107 eum
570 2054 638 2107 talia
655 2057 743 2108 vates:
839 2087 842 2092 -

112 2127 193 2181 Unde
210 2128 283 2195 haee,
302 2146 318 2181 ο
339 2129 472 2196 Palinure,
491 2130 542 2183 tibi
560 2133 617 2184 tam
635 2129 695 2184 dira
712 2129 829 2198 eupidol

111 2203 152 2256 'lu
171 2205 278 2272 Stygias
296 2206 452 2259 inhumatus
471 2223 556 2273 aquas
576 2222 738 2274 amnemque
757 2217 884 2259 severum

112 2279 292 2332 Eumenidum
310 2283 430 2348 aspicies,
448 2283 570 2349 ripamve
587 2283 704 2335 iniussus
722 2280 825 2335 adibisl
930 2291 967 2331 svs

112 2355 213 2409 Desine
231 2355 288 2409 late
307 2355 389 2409 deum
408 2358 482 2411 flecti
500 2375 611 2427 sperare
629 2358 771 2426 precando.

112 2431 167 2484 Sed
185 2448 252 2500 capo
271 2433 345 2486 dieta
363 2450 473 2498 memor,
494 2434 555 2488 duri
574 2435 669 2489 solatia
687 2451 772 2488 casus.

113 2508 183 2561 Nam
202 2512 251 2561 tua
268 2509 385 2576 finitimi,
403 2509 483 2578 longe
502 2511 613 2580 lateque
630 2529 681 2580 per
697 2511 781 2565 urbes

113 2583 247 2652 Prodigiis
265 2586 318 2638 aeti
337 2586 508 2654 caelestibus,
528 2605 589 2642 essa
606 2588 728 2656 piabunt,

112 2660 148 2712 lit
160 2665 283 2714 statuent
295 2664 437 2730 tumulum,
451 2667 481 2717 et
492 2664 598 2717 tumulo
613 2663 754 2718 sollemnia
765 2666 885 2734 mittent,
931 2682 968 2721 eso

114 2738 321 2804 Aeternumque
339 2737 414 2793 loeus
433 2740 555 2794 Palinuri
572 2757 672 2794 nomen
689 2740 809 2795 habebit.

113 2812 166 2866 Hie
184 2811 265 2865 dietis
282 2829 363 2867 curae
381 2821 495 2883 emotae,
514 2817 663 2886 pulsusque
680 2834 827 2885 parumper

112 2887 203 2941 Corde
222 2887 298 2940 dolor·
316 2889 405 2956 tristi;
425 2893 528 2959 gaudet
547 2895 705 2960 cognomine
723 2897 804 2946 terra.

147 2963 219 3028 Ergo
236 2963 290 3016 iter
306 2963 445 3034 inceptum
463 2973 600 3036 peragunt
618 2968 756 3037 fluvioque
772 2971 967 3039 propinquant.

111 3035 213 3089 Navita
222 3054 289 3104 quos
300 3039 354 3092 iam
366 3041 430 3093 inde
442 3047 474 3094 ut
487 3043 580 3110 Stygia
592 3046 735 3112 prospexit
747 3045 782 3098 ab
794 3045 870 3098 unda
928 3060 967 3100 sss

113 3108 166 3160 Per
183 3114 296 3164 tacitum
315 3130 410 3168 nemus
427 3117 467 3169 ire
485 3117 638 3186 pedemque
657 3121 802 3174 advertere
820 3123 902 3190 ripae,

111 3181 154 3233 Sio
171 3185 245 3250 prior
262 3187 424 3252 adgreditur
442 3191 530 3254 dietis,
548 3195 632 3260 atque
649 3195 773 3264 increpat
791 3197 877 3250 ultre·
