2152 3506
388 159 569 217 AENEIDOS
588 159 656 206 LlB.
676 158 714 208 Π.
931 161 976 208 113

1 269 23 302 r.
126 243 177 296 Dis
194 242 276 296 aliter
294 241 396 304 visum3
412 245 530 307 pereunt
552 239 726 306 Hypanisque
744 239 899 309 Dymasque

125 313 232 372 (lentini
250 335 267 370 a
285 318 377 380 sociis;
395 331 444 368 nec
462 319 491 368 te
509 320 557 367 tua
575 315 699 381 plurima,
719 315 833 385 Panthu,

126 395 278 448 Labentem
296 393 384 462 pietas
402 408 452 444 nec
470 391 605 458 Apollinis
623 391 708 444 infula
725 393 802 446 texit.
945 410 980 449 sao

126 471 203 524 Iliaci
221 471 327 523 cineres
344 472 373 522 et
392 467 501 520 flamma
518 471 643 520 extrema
661 483 791 534 meorum,
852 433 865 545 l,

126 548 228 613 Testor,
247 547 274 598 in
293 561 390 598 occasu
408 546 500 596 vestro
517 560 568 596 nec
586 543 642 596 tela
659 561 709 598 nec
727 544 797 598 ullas
859 562 864 597 l

126 622 263 677 Vitavisss
281 622 352 674 sices
372 621 504 686 Danaum,
523 623 559 686 et,
578 620 816 690 asseruissent,
847 638 854 669 r

126 699 166 752 Ut
183 699 316 761 caderem,
335 695 467 750 meruisse
485 711 573 748 manu.
611 694 771 748 Divellimur
788 696 861 764 inde,

127 776 235 844 Iphitus
254 779 283 828 et
301 773 390 827 Pelias
409 787 522 839 mecum,
541 787 657 838 quorum
679 773 785 840 Iphitus
803 790 870 828 aevo
939 790 975 829 aas

126 852 186 905 Iam
203 851 317 918 gravior,
337 849 427 902 Pelias
445 851 474 901 et
491 847 600 900 volnere
619 848 716 900 tardus
736 849 825 915 Uliri;

126 929 261 982 Protinus
272 927 308 980 ad
327 925 406 978 sodes
425 923 526 976 Priami
545 923 661 977 clamore
680 926 774 979 vocati.

126 1005 179 1059 Ilic
197 1021 261 1057 vero
279 1004 418 1070 ingentem
435 1017 562 1069 pugnam,
581 1017 631 1053 ceu
648 1005 739 1055 cetera
756 1017 889 1070 nusquam

126 1081 204 1136 Bella
221 1079 319 1147 lorent,
338 1079 404 1132 nulli
423 1080 482 1131 tota
499 1081 671 1130 morerentur
688 1078 716 1130 in
734 1078 809 1146 urbe,

125 1158 168 1212 Sic
177 1157 295 1210 Martem
305 1156 475 1222 indomitum,
484 1153 775 1222 Danaosqueadtecta
783 1156 889 1209 ruentis
940 1172 977 1210 eso

125 1234 266 1288 Cernimus
284 1232 478 1300 obsessumque
496 1234 558 1284 acta
574 1231 714 1284 testudine
732 1232 819 1285 limen.

126 1311 250 1364 Haerent
268 1307 418 1377 parietibus
437 1307 531 1371 scalae,
550 1308 691 1375 postisque
709 1308 760 1361 sub
777 1309 849 1376 ipsos

126 1387 259 1440 Nituntur
277 1385 415 1453 gradibus,
434 1385 591 1452 clipeosque
609 1383 645 1436 ad
663 1384 720 1437 tela
738 1384 853 1437 sinistris

126 1463 248 1516 Protecti
266 1461 402 1528 obiiciunt,
421 1463 552 1529 prensant
569 1458 679 1526 fastigia
696 1459 808 1513 dextris.

126 1537 300 1594 Dardanidae
319 1541 413 1590 contra
431 1537 516 1590 turris
534 1553 565 1588 ae
583 1539 657 1589 tecta
675 1537 818 1590 domorum
941 1553 977 1594 aa

126 1616 252 1672 Culmina
269 1614 438 1678 convellunt;
456 1613 497 1665 his
516 1629 552 1677 se,
572 1612 681 1680 quando
699 1614 796 1666 ultima
813 1620 934 1682 cernunt,

126 1695 257 1746 Extrema
274 1693 328 1744 ism
346 1691 374 1743 in
392 1694 481 1743 morte
499 1695 596 1756 parant
614 1689 762 1742 defendere
780 1691 855 1754 telis;

126 1773 302 1836 Auratasque
321 1763 421 1834 trabes,
439 1769 563 1819 veterum
582 1765 681 1818 decora
699 1766 754 1818 alla
772 1771 923 1833 parentum,

125 1845 294 1909 Devolvuut;
313 1843 358 1896 alii
377 1842 479 1896 strictis
497 1841 670 1894 mucronibus
689 1842 757 1894 imas

125 1921 267 1976 Obsedere
285 1921 372 1983 lores3
390 1918 439 1972 lias
457 1921 567 1972 servant
584 1918 691 1985 agmins
710 1918 799 1972 denso.
940 1935 976 1975 iso

127 1998 276 2053 Instaurati
294 1995 385 2061 animi,
405 1995 477 2062 regis
495 2009 653 2048 succurrere
670 1995 758 2060 tectis,

128 2075 293 2141 Auxilioque
311 2073 401 2126 levare
420 2073 499 2138 viros,
519 2072 627 2138 vimque
647 2069 748 2124 addere
766 2072 850 2126 lictis.

162 2151 258 2203 Limen
276 2151 336 2202 erat
354 2163 503 2213 caecaeque
520 2147 592 2198 fores
611 2149 640 2197 et
658 2147 767 2213 pervius
784 2164 849 2201 usus

126 2229 271 2281 'lectorum
288 2227 361 2280 inter
379 2241 408 2278 se
429 2224 537 2290 Priami,
554 2227 701 2292 postesque
720 2224 807 2277 relicti

128 2309 153 2358 A
172 2308 257 2371 tergo,
274 2302 370 2356 iulelix
389 2318 443 2370 qua
461 2318 497 2367 so,
517 2301 583 2353 dum
601 2317 686 2368 regna
703 2302 853 2371 manebant,
890 2330 894 2353 a
942 2317 978 2358 aas

127 2380 241 2448 Saepius
261 2380 455 2432 Andromache
473 2379 546 2432 ferre
564 2379 723 2434 incomitata
742 2379 847 2434 solebat
896 2379 903 2429 ἰ-

129 2457 176 2510 Ad
194 2472 307 2522 soceros,
326 2459 354 2508 et
371 2471 421 2507 aro
440 2471 555 2524 puerum
575 2457 742 2524 Astyanacta
760 2456 904 2527 trahebat.¹

128 2531 221 2584 Evado
239 2531 275 2585 ad
293 2533 391 2585 summi
410 2532 520 2599 fastigia
538 2532 670 2598 culminis,
689 2533 762 2585 unde

128 2609 193 2662 Teu
211 2626 293 2662 mauu
310 2609 403 2662 miseri
422 2608 560 2662 iactabant
578 2609 662 2663 inrita
680 2609 783 2662 Teucri.

127 2686 235 2739 Turrim
253 2687 281 2738 in
298 2685 441 2756 praecipiti
460 2689 580 2739 stantem
599 2687 766 2754 summisque
784 2687 835 2741 sub
854 2689 928 2742 astra
944 2699 981 2738 soe

128 2761 263 2816 Eductam
281 2765 370 2830 tectis,
389 2763 463 2816 unde
480 2765 568 2817 omnis
586 2765 666 2818 Troia
683 2763 770 2816 videri

128 2839 165 2892 Et
183 2839 307 2895 Danaum
326 2841 421 2894 solitae
440 2857 523 2896 naves
541 2845 570 2894 et
588 2842 693 2895 Achaia
711 2844 809 2906 castra,

130 2917 264 2985 Adgressi
282 2919 355 2973 ferro
373 2919 482 2985 circum,
502 2936 557 2987 qua
575 2935 679 2971 summa
698 2916 814 2970 labantis

129 2993 275 3049 Iunctums
293 2997 417 3050 tabulata
436 2996 547 3062 dabant,
565 2993 740 3048 convellimus
760 2993 821 3044 altis

129 3071 255 3140 Sedibus,
273 3072 490 3141 inpulimusque;
508 3088 540 3123 ea
558 3070 634 3138 lapsa
651 3073 765 3135 repente
784 3069 889 3118 ruinam
946 3079 983 3120 sos

130 3147 199 3200 Cum
218 3149 309 3202 sonitu
327 3148 412 3201 trahit
431 3151 460 3201 et
479 3148 602 3200 Danaum
621 3161 702 3211 super
720 3144 828 3208 agmina
846 3141 899 3195 late

130 3223 239 3278 Incidit.
276 3226 330 3278 Ast
347 3223 393 3276 alii
411 3223 535 3303 subeunt,
553 3238 603 3274 nee
622 3235 691 3274 saxa
710 3233 759 3268 nos
777 3218 860 3268 ullum
