2172 3506
387 151 572 202 AENEIDOS
591 152 661 202 LIB.
680 153 729 204 IX.
935 153 982 200 265

129 239 256 294 Dixerat
293 240 345 295 Ille
362 241 460 298 rudem
478 240 557 294 nodis
575 243 604 295 et
621 242 723 297 cortice
741 243 826 298 crudo

129 317 281 384 intorquet
298 318 412 372 summis
430 317 547 372 adnixus
564 316 669 372 viribus
686 319 811 385 hastam;

129 393 274 462 Excepere
292 410 390 462 aurs-03
405 395 501 449 volnus
520 393 648 448 Saturnia
667 395 738 449 Iuno
948 407 984 449 ms

129 468 258 522 Detorsit
277 469 395 537 veniens,
414 473 564 538 portaeque
582 469 707 537 infigitur
724 471 811 525 hasta.

131 546 175 598 At
192 561 246 598 non
263 546 314 600 hoc
331 547 426 611 telum,
444 563 506 600 mea
524 547 598 614 quod
615 546 644 600 vi
661 547 778 602 dextera
794 549 894 613 versat,

131 621 257 688 Effugies
266 642 273 686 ;
291 637 382 690 neque
399 624 472 676 enim
489 624 513 676 is
531 623 580 676 teli
598 639 648 676 nec
666 623 784 677 volucris
801 626 902 676 auctor.

131 697 180 751 Sic
195 697 242 764 ait,
261 703 291 751 et
307 698 447 752 sublatum
464 699 520 752 alte
537 699 677 767 consurgit
695 699 723 753 in
741 717 842 767 ensem,

131 774 172 826 Et
188 773 308 827 mediam
325 774 400 828 ferro
417 776 527 842 gemina
543 775 616 828 inter
633 779 759 844 tempora
775 776 893 829 frontem
947 785 985 830 too

131 849 241 903 Dividit
258 850 421 920 inpubisquo
438 851 540 904 inmani
558 851 667 906 volnere
684 853 776 906 malas.

131 925 181 979 Fit
198 942 295 992 sonus3
311 927 416 994 ingenti
433 943 561 981 concussa
579 933 621 981 est
635 929 759 996 pondere
776 929 873 994 tellus;

132 1001 284 1070 Conlapsos
301 1007 378 1056 artus
395 1007 479 1071 atque
497 1019 573 1058 arma
591 1009 704 1058 cruenta
721 1003 834 1058 cerebro

132 1077 240 1130 Sternit
257 1077 332 1131 humi
350 1079 477 1147 moriens,
495 1082 578 1147 atque
596 1079 636 1132 illi
654 1079 779 1149 partibus
797 1082 891 1150 aequis

132 1153 199 1206 Huc
210 1157 293 1221 eaput
302 1157 388 1222 atque
399 1154 464 1209 illuc
476 1155 590 1209 humero
603 1171 638 1208 ex
650 1158 767 1224 utroque
779 1155 920 1225 pependit.
948 1167 984 1208 75⁵

132 1229 288 1296 Diffirgiunt
305 1230 377 1283 versi
395 1230 505 1298 trepida
521 1231 667 1284 formidine
686 1231 776 1285 Troes

132 1304 178 1371 Et,
195 1305 218 1358 si
236 1305 365 1360 continuo
383 1307 515 1360 victorem
534 1323 567 1360 ea
585 1323 650 1359 cura
668 1306 794 1372 subisset,

133 1380 274 1449 Rumpere
291 1381 410 1436 claustra
428 1398 510 1436 manu
528 1383 670 1451 sociosque
687 1383 827 1436 inmittere
844 1383 938 1450 portis,

133 1456 255 1509 Ultimus
272 1457 319 1510 ille
338 1457 397 1511 dies
415 1457 487 1512 bello
504 1460 636 1526 gentique
653 1459 757 1512 fuisset.

133 1532 191 1585 Sed
208 1532 286 1586 furor
302 1533 446 1587 ardentem
463 1534 611 1602 caedisque
628 1533 723 1588 insana
740 1533 839 1602 cupido
949 1547 986 1588 roo

133 1608 200 1676 Egit
216 1608 246 1661 in
264 1609 401 1664 adversos.

134 1684 271 1754 Principio
290 1685 426 1739 Phalerim
445 1688 475 1740 et
492 1685 595 1740 succiso
614 1688 716 1756 poplite
735 1687 830 1756 Gygen

134 1760 258 1830 Excipit;
275 1762 338 1816 hinc
356 1766 449 1831 raptas
468 1761 635 1830 fugientibus
653 1764 756 1831 ingerit
774 1764 867 1818 hastas

135 1837 169 1890 In
187 1841 312 1904 tergum;
331 1838 401 1893 Iuno
418 1839 485 1892 viris
503 1839 678 1907 animumque
695 1840 840 1893 ministrat.

135 1913 227 1966 Addit
246 1913 346 1982 Halym
364 1915 493 1970 comitem
511 1919 541 1969 et
559 1915 665 1969 confixa
684 1915 795 1983 Phegea
812 1932 908 1984 parma
914 1934 922 1976 ;
950 1927 987 1971 roa

137 1989 251 2056 ignaros
269 1989 369 2044 deinde
386 1991 415 2044 in
433 1993 519 2044 muris
538 1991 712 2059 Martemque
730 1992 828 2045 cientis

140 2065 363 2134 Alcandrumque
383 2067 551 2135 Haliumque
570 2067 767 2135 Noemonaque
785 2068 987 2136 Prytanimque.

136 2140 245 2208 Lyncea
262 2142 423 2197 tendentem
440 2147 538 2196 eontra
554 2144 695 2212 sociosque
712 2145 855 2196 vocantem

136 2216 267 2270 Vibranti
284 2217 378 2285 gladio
396 2219 528 2272 connixus
546 2218 581 2272 ab
599 2235 700 2286 aggere
717 2219 817 2272 dexter

136 2291 277 2360 Occupat;
293 2292 357 2346 huic
374 2309 428 2347 uno
447 2294 584 2350 deiectum
602 2294 754 2348 comminus
772 2295 829 2349 ictu
953 2309 990 2349 tro

136 2367 208 2420 Cum
226 2368 305 2434 galea
322 2369 403 2436 longe
420 2369 505 2424 iacuit
522 2375 612 2440 eaput.
649 2371 719 2442 Inde
737 2372 857 2425 ferarum

137 2443 314 2498 vastatorem
334 2448 476 2514 Amycum,
495 2463 549 2514 quo
567 2464 622 2500 non
640 2447 746 2501 felicior
763 2448 833 2502 alter

137 2519 269 2586 Unguere
287 2521 344 2574 tela
361 2537 443 2576 manu
460 2523 620 2591 ferrumque
637 2540 745 2578 armare
762 2540 882 2589 veneno;

138 2595 176 2647 Et
195 2594 314 2664 Clytium
334 2597 477 2665 Aeoliden,
496 2602 525 2652 et
543 2600 658 2652 amicum
678 2599 799 2653 Crethea
817 2599 912 2665 Musis,

138 2670 260 2724 Crethea
277 2671 420 2726 Musarum
438 2674 575 2740 comitem,
593 2675 636 2728 cui
655 2675 775 2728 earmina
792 2691 901 2744 semper
956 2685 993 2730 7⁷5

138 2746 176 2798 nt
194 2746 315 2800 citharae
333 2749 418 2815 cordi,
435 2766 618 2819 numerosque
636 2751 782 2806 intendere
797 2752 907 2816 ¹nervis;

138 2821 255 2888 Semper
271 2839 357 2891 equos
376 2828 459 2893 atque
477 2841 553 2878 arma
570 2826 659 2880 sirum
677 2844 839 2897 pugnasque
856 2824 979 2881 canebat
1078 2871 1080 2875 .

175 2897 296 2950 'landem
315 2898 444 2954 ductores
461 2901 556 2955 audita
573 2902 657 2956 caedo
675 2919 784 2958 suorum

139 2972 312 3027 Conveniunt
330 2974 437 3044 Teucri,
455 2977 617 3031 Mnestheus
636 2994 752 3046 acerque
771 2979 912 3042 Serestum

140 3047 318 3116 Palantisque
336 3050 431 3104 vident
448 3053 535 3105 socios
552 3053 714 3121 hostemque
732 3056 881 3120 receptum.
956 3063 993 3107 rso

140 3122 178 3176 Ilt
189 3121 366 3180 Mnestheus:
381 3125 440 3189 Quo
453 3127 553 3181 deinde
564 3129 664 3194 fugam,
679 3143 733 3196 quo
742 3127 875 3182 tenditisl
887 3128 984 3197 inquit.

141 3199 217 3264 Quos
234 3200 302 3256 alios
320 3217 420 3270 muros,
439 3218 510 3270 quae
528 3202 582 3255 iam
601 3202 674 3255 ultra
691 3201 798 3255 moenia
815 3201 941 3257 habetisi
