2174 3502
108 153 154 198 162
339 154 367 202 Ρ.
387 154 542 204 VERGILI
561 153 728 202 MARONIS

44 225 48 234 '
108 229 162 282 Seu
180 229 265 282 crudo
283 231 344 284 fidit
362 249 480 300 pugnam
499 233 670 286 committere
689 237 790 301 caestu,

107 304 205 358 Cuncti
224 304 323 372 adsint,
341 313 513 376 meritaeque
531 313 692 376 exspectent
710 311 833 378 praemia
850 311 966 380 palmae

106 379 161 434 Ore
178 381 269 434 favete
287 398 387 450 omnes,
406 387 435 436 et
453 384 555 451 cingite
573 389 697 453 tempora
715 387 807 440 ramis.
941 403 963 443 π

141 458 184 510 Sic
201 457 274 511 latus
293 458 366 512 velat
384 463 509 512 materna
527 465 653 528 tempora
670 466 767 530 myrto.

107 534 167 587 Hoc
187 534 319 602 Helymus
337 535 409 602 facit,
428 535 480 588 hoe
498 537 558 588 aevi
577 541 701 590 maturus
718 540 843 604 Acestes,

106 611 168 664 Hoc
185 627 254 680 puer
273 613 413 678 Ascanius,
433 613 559 680 sequitur
578 629 647 680 ques
665 618 757 668 cetera
774 615 868 683 pubes.

106 687 158 741 Ille
175 705 192 741 e
210 688 321 742 concilio
340 689 434 742 multis
453 706 514 742 cum
534 688 644 742 milibus
661 690 720 744 ibat
941 707 966 747 75

107 764 153 817 Ad
171 764 314 832 tumulum,
333 782 433 832 magna
449 765 556 818 medius
575 765 723 820 comitante
741 770 859 820 caterva.

106 841 160 894 Hie
178 842 232 894 duo
250 842 303 896 rite
321 859 397 895 rnero
415 842 503 895 libans
522 842 659 896 carchesia
677 843 783 898 Baccho

106 916 208 970 Fundit
226 917 309 984 humi,
329 919 383 971 duo
401 919 471 972 lacte
489 935 566 986 novo,
586 917 641 971 dno
660 919 790 987 sanguine
808 937 893 986 sacro,

106 992 315 1062 Purpureosque
333 994 398 1048 iacit
416 994 504 1062 flores,
522 1011 554 1048 ac
572 995 638 1048 talia
654 995 743 1048 fatur:

105 1069 192 1138 Salve,
210 1078 303 1124 sancte
320 1087 427 1139 parens,
446 1071 561 1125 iterum:
579 1071 689 1138 salvete,
708 1071 811 1140 recepti
939 1087 965 1125 aa

105 1147 278 1216 Nequiquam
295 1148 408 1215 cineres,
425 1148 586 1215 animaeque
603 1147 771 1216 umbraeque
788 1151 927 1215 paternae.

105 1223 167 1276 Non
184 1223 261 1276 licuit
279 1224 340 1277 finis
359 1224 444 1277 Italos
463 1225 611 1292 fataliaque
629 1240 701 1290 arva,

104 1298 164 1353 Nec
176 1303 267 1355 tecum
278 1301 435 1366 Ausonium,
446 1301 609 1369 quicumque
622 1303 673 1367 est,
683 1316 814 1367 quaerere
825 1300 964 1368 Thybrim·

106 1373 220 1431 Dixerat
236 1377 311 1442 haee,
330 1377 419 1446 adytis
435 1394 496 1430 curn
514 1377 633 1431 lubricas
651 1378 747 1443 anguis
765 1376 800 1429 ab
817 1376 881 1430 imis

105 1451 216 1522 Septem
233 1454 329 1521 ingens
347 1470 434 1522 gyros,
453 1457 565 1520 septena
584 1453 720 1506 volumina
738 1453 831 1519 traxit,
937 1459 962 1501 u

105 1528 257 1597 Amplexus
276 1530 383 1597 placide
401 1530 536 1583 tumulum
555 1529 703 1598 lapsusque
720 1546 771 1598 per
787 1545 856 1596 aras,

105 1604 252 1658 Caeruleae
270 1607 312 1659 eni
330 1609 410 1672 terga
427 1609 509 1659 notae
528 1606 679 1660 maculosus
698 1610 726 1660 et
743 1623 810 1658 auro

105 1679 251 1749 Squamarn
269 1681 434 1734 incendebat
452 1682 549 1751 fulgor,
568 1699 618 1736 ceu
635 1682 753 1735 nubibus
771 1693 858 1734 arcus¹

105 1757 181 1809 Mille
198 1756 262 1809 iacit
281 1757 369 1810 varios
388 1758 505 1812 adverso
523 1759 579 1812 sole
598 1759 708 1812 colores.

105 1832 245 1902 Obstipuit
263 1834 323 1886 visn
342 1836 458 1887 Aeneas.
498 1836 550 1889 Ille
568 1836 676 1903 agmine
693 1835 774 1902 longo
937 1847 964 1887 so

105 1909 225 1962 Tandem
243 1911 315 1962 inter
332 1914 442 1978 pateras
460 1915 489 1964 et
506 1911 576 1964 levia
594 1913 690 1980 pocula
709 1927 821 1979 serpens

106 1985 269 2054 libavitque
288 1986 380 2054 dapes
399 2003 548 2054 rursusque
566 1989 692 2041 innoxius
710 1989 765 2040 imo

105 2062 241 2115 Successit
259 2062 371 2130 tumulo,
390 2065 419 2115 et
438 2061 552 2130 depasta
570 2064 667 2117 altaria
686 2063 773 2132 liquit.

106 2137 166 2191 Hoc
184 2138 271 2205 niagis
288 2139 411 2205 inceptos
428 2139 547 2205 genitori
565 2140 702 2194 instaurat
719 2139 843 2207 honores,

106 2213 239 2281 lneertus,
259 2213 409 2268 Geniumne
428 2215 478 2267 loci
496 2215 663 2269 famulumne
681 2209 803 2284 parentis
936 2232 963 2270 se

104 2289 172 2344 Esse
189 2294 284 2358 putet;
302 2291 393 2345 caedit
411 2291 488 2346 binas
508 2293 542 2346 de
560 2309 636 2346 more
654 2291 781 2358 bidentis,

105 2366 211 2434 Totque
228 2382 298 2430 sues,
316 2367 432 2420 totidem
450 2369 582 2436 nigrantis
600 2373 680 2436 terga
697 2369 837 2432 iuvencos;

105 2441 231 2510 Vinaque
248 2442 382 2496 fundebat
400 2439 509 2513 pateris,
530 2447 703 2513 animamque
722 2445 836 2498 vocabat

105 2519 242 2572 Anchisae
260 2521 350 2587 magni
370 2521 513 2591 Manisque
533 2521 692 2575 Acheronte
710 2521 844 2574 remissos

104 2595 130 2648 N
133 2612 163 2648 ec
181 2611 235 2648 non
253 2600 282 2650 et
300 2598 370 2664 socii,
389 2615 460 2666 quae
477 2599 576 2666 cuique
595 2602 638 2651 est
658 2598 742 2666 copia,
762 2597 827 2650 laeti
927 2611 964 2648 100

105 2669 183 2723 Dona
200 2670 299 2740 ferunt,
318 2679 433 2728 onerant
452 2692 521 2742 aras,
540 2678 718 2742 mactantque
737 2674 879 2737 iuvencos;

105 2745 208 2801 Ordine
225 2765 294 2803 aena
311 2751 401 2804 locant
419 2752 471 2816 alii,
489 2751 597 2821 fusique
615 2767 665 2819 per
684 2749 797 2804 licrbam

104 2823 258 2878 Subliciunt
276 2826 386 2880 veribus
404 2844 504 2895 prunas
524 2831 553 2880 et
571 2827 674 2880 viscera
694 2829 810 2880 terrent.

140 2901 306 2968 Exspectata
323 2903 381 2956 dies
399 2903 496 2957 aderat
513 2919 666 2970 nonamque
685 2919 782 2956 serena

104 2976 240 3030 Auroram
260 2978 439 3031 Phaethontis
457 2980 519 3046 equi
537 2979 591 3031 iam
610 2979 670 3031 luce
688 2977 832 3045 vehebant,
927 2990 964 3029 ias

104 3049 244 3119 Famaque
263 3053 392 3107 finitimos
410 3058 438 3107 et
456 3055 521 3107 clari
539 3070 637 3105 nornen
657 3055 776 3107 Acestae

104 3123 246 3190 Excierat5
265 3128 337 3182 laeto
355 3128 518 3196 conplebant
536 3128 617 3181 litora
635 3131 722 3195 coetu,

105 3197 197 3250 Visuri
217 3203 369 3268 Aeneadas,
388 3220 452 3271 pars
470 3206 499 3256 et
517 3206 623 3256 certare
641 3203 739 3272 parati.
