2172 3506
368 143 639 200 A'ENEIDOSLIB.
659 146 709 195 XI.
918 151 965 196 295

114 221 170 274 'l'er
188 221 289 295 circum
307 239 441 288 accensos,
460 222 540 276 cincti
559 225 726 292 fulgentibus
745 226 835 297 armis,

115 297 271 350 Decurrere
289 313 386 364 rog0s;
410 301 454 350 ter
471 303 605 353 inaestuas
623 303 726 356 funeris
745 303 835 371 ignem

115 375 283 428 Lustravere
301 374 329 426 in
347 375 431 444 equis,
450 375 625 445 ululatusque
643 395 690 432 ore
709 379 820 434 dedere.
933 397 968 434 1ao

115 453 262 520 Spargitur
280 455 309 504 et
326 451 408 504 tellus
425 452 550 520 lacrimis,
569 459 733 522 sparguntur
751 460 780 509 et
797 473 878 510 arma

117 531 148 582 It
165 529 240 582 caelo
259 529 414 597 clamorque
431 529 519 582 virum
538 531 702 598 clangorque
720 531 856 585 tubarum.

118 606 191 659 Hinc
210 605 256 658 alii
275 605 360 673 spolia
378 605 472 658 occisis
487 605 602 674 derepta
621 606 726 659 Latinis

118 681 355 748 Coniiciuntigni,
374 681 465 748 galeas
484 698 618 750 ensesque
637 681 749 736 decoros

64 788 67 796 ·
118 757 264 825 Frenaque
282 757 468 825 ferventisque
486 761 576 822 rotas;
593 774 658 826 pars
676 775 789 812 munera
806 763 878 828 uota,
935 777 968 814 uu

119 835 246 902 Ipsorum
264 834 365 902 clipeos
382 837 411 886 et
428 850 481 886 non
498 833 586 886 felicia
604 835 668 888 tela.

119 909 209 963 Multa
227 910 309 962 boum
328 909 400 963 circa
418 913 572 963 mactantur
590 927 704 979 corpora
721 913 812 980 morti,

119 986 330 1054 Saetigerosque
349 1002 410 1039 sues
428 996 575 1054 raptasque
594 1003 628 1040 ex
647 986 775 1040 omnibus
793 990 866 1056 agris

121 1063 154 1114 ln
173 1061 309 1114 flammam
327 1061 451 1130 iugulant
468 1062 595 1129 pecudes.
632 1063 699 1115 Turn
718 1063 799 1116 litore
817 1069 876 1118 toto

120 1137 255 1190 Ardentis
273 1141 398 1205 spectant
416 1137 509 1205 socios,
528 1138 714 1206 semiustaque
733 1144 844 1192 servant
933 1155 970 1194 roo

119 1214 214 1280 Busta,
233 1229 321 1281 neque
339 1213 418 1266 avelli
436 1217 556 1281 possunt,
574 1230 628 1266 nox
646 1213 759 1267 humida
777 1216 864 1268 donec

120 1289 239 1343 Invertit
257 1291 361 1342 caeluni
379 1289 464 1342 stellis
482 1289 642 1343 ardentibus
661 1294 762 1356 aptum.

157 1366 214 1418 Nec
231 1367 319 1418 minus
336 1370 365 1418 et
383 1365 474 1418 miseri
494 1365 603 1419 diversa
620 1365 649 1417 iu
666 1369 745 1433 parte
765 1365 856 1419 Latini

121 1438 282 1494 Innur'ueras
300 1445 425 1494 struxere
442 1458 536 1509 pyras;
555 1448 584 1494 et
602 1457 714 1510 corpora
731 1440 832 1509 partim
893 1457 897 1468 ·

120 1518 210 1570 Multa
228 1519 316 1570 virum
334 1521 425 1572 terrae
443 1517 586 1584 infodiunt,
605 1520 754 1586 avectaque
772 1517 872 1586 partim
935 1534 971 1571 aua

121 1593 264 1647 Finitimos
282 1594 382 1648 tollunt
399 1595 426 1647 in
445 1610 530 1662 agros,
547 1592 665 1662 urbique
683 1593 847 1658 remittuut;

121 1670 228 1738 Cetera,
245 1671 425 1738 confusaeque
443 1671 582 1738 ingentem
601 1670 691 1724 caedis
709 1686 842 1736 acervum,

121 1747 179 1799 Nec
191 1763 304 1799 numero
315 1763 364 1799 nec
377 1746 478 1798 honore
491 1751 627 1811 erenrant3
640 1751 705 1800 tunc
717 1745 839 1813 undique
850 1747 922 1799 vasti

120 1823 256 1875 Certatim
274 1822 375 1875 crebris
393 1822 536 1875 conlucent
554 1822 661 1890 ignibus
680 1821 745 1888 agri.

120 1897 213 1950 Tertia
230 1898 277 1951 lux
294 1898 412 1966 gelidam
431 1898 504 1951 caelo
523 1897 675 1951 dimoverat
692 1895 831 1949 umbram:
936 1911 972 1948 aro

121 1973 278 2027 Maerentes
296 1974 381 2027 altum
401 1975 519 2027 cinerem
539 1978 568 2027 ct
586 1973 698 2026 confusa
714 1971 831 2025 ruebant

121 2050 192 2102 Ossa
208 2050 281 2116 focis,
300 2050 448 2119 tepidoque
467 2049 617 2102 onerabant
636 2065 735 2116 aggere
754 2052 851 2102 terrae

122 2127 182 2179 Iam
201 2126 310 2179 veroin
328 2127 416 2192 tectis,
434 2126 594 2194 praedivitis
612 2124 680 2178 urbe
699 2125 798 2190 Latini,

123 2203 288 2271 Praecipuus
305 2201 399 2269 fragor
417 2205 445 2256 et
462 2203 535 2269 longi
553 2218 617 2270 pars
635 2217 762 2253 maxuma
780 2200 875 2254 luctus.

123 2279 177 2331 Hic
195 2281 298 2332 matres
315 2279 485 2346 miseraeque
503 2294 595 2343 nurus,
615 2277 658 2329 hic
677 2291 738 2328 cara
757 2292 879 2329 sororum
937 2293 973 2331 215

125 2353 239 2406 Pectora
257 2359 434 2419 maerentum,
453 2353 584 2421 puerique
603 2352 762 2420 parentibus
781 2351 852 2418 orbi,

123 2431 221 2482 llirum
239 2433 414 2483 exsecrantur
431 2429 531 2482 bellurn
551 2428 689 2496 Turnique
708 2427 881 2495 hyrnenaeos3

126 2506 219 2572 lpsum
236 2505 326 2573 armis,
343 2506 488 2572 ipsumque
505 2503 601 2556 iubent
620 2503 767 2556 decernere
785 2504 865 2572 ferro,

124 2581 176 2644 (lui
194 2597 308 2648 regnum
327 2581 424 2634 Italiae
442 2584 471 2633 et
488 2580 590 2647 primos
609 2579 661 2631 sibi
677 2582 772 2645 poscat
790 2577 913 2632 honores.

124 2659 255 2724 Ingravat
273 2658 339 2711 haec
358 2673 453 2710 saevus
471 2655 599 2723 Drances,
619 2655 759 2720 solumque
777 2653 867 2706 vocari
936 2669 972 2706 aar

124 2735 259 2799 Testatur,
278 2733 365 2786 solum
382 2732 457 2802 posci
475 2732 502 2783 in
522 2731 670 2784 certamina
688 2729 816 2784 Turnum.

124 2810 213 2862 Multa
231 2809 311 2862 simul
329 2814 424 2862 contra
440 2808 523 2861 variis
542 2807 679 2860 sententia
697 2806 780 2860 dietis
848 2863 850 2866 ¹

126 2886 178 2939 Pro
197 2885 301 2949 'lurn03
326 2889 355 2939 ct
372 2901 500 2951 magnum
517 2884 628 2952 reginae
646 2898 745 2935 nomen
763 2881 924 2944 obumbrat3

126 2961 214 3015 Multa
231 2961 319 3014 virum
337 2960 443 3015 meritis
462 2962 598 3012 sustentat
615 2958 689 3010 faura
706 2955 844 3024 tropaeis·

161 3037 220 3090 Hos
237 3037 311 3101 inter
328 3040 424 3100 motus,
442 3034 533 3086 medio
551 3034 578 3086 in
597 3033 730 3099 flagrante
747 3031 876 3096 tumultu,
938 3045 974 3084 aas

128 3113 195 3166 Ecce
214 3129 296 3180 super
313 3111 411 3164 maesti
428 3125 527 3175 inagna
547 3107 687 3160 Diomedis
705 3107 739 3159 ab
757 3106 826 3159 urbe

127 3187 222 3258 tegas
242 3203 371 3254 responsa
387 3186 492 3242 ferunt:
516 3183 581 3236 uihil
601 3182 726 3236 omnibus
744 3184 835 3234 aetum
