2152 3506
364 152 546 202 AENEIDOS
563 153 632 202 LIB.
652 153 689 202 ΙΙ.
907 160 953 209 115

96 237 204 292 Limina
222 239 358 290 tectorum
377 237 405 288 et
423 233 543 289 medium
562 235 590 287 iu
607 235 795 304 penetralibus
813 234 927 302 hostem,

98 317 187 368 Arma
204 313 252 365 diu
270 311 361 364 senior
379 311 494 363 desueta
510 311 693 364 trementibus
712 328 777 365 aevo

97 387 258 444 Circumdat
275 387 440 454 nequiquam
459 386 587 453 humeris,
606 391 635 440 et
652 388 749 440 inutile
766 389 869 441 ferrum
913 403 950 444 sto

97 466 280 534 (tingitanae
298 461 396 514 densos
414 461 502 514 lemur
521 464 669 516 moriturus
688 465 715 517 in
733 465 827 517 hostis.

98 541 225 594 Aedibus
243 540 271 592 in
290 537 387 591 mediis
405 538 533 606 nudoque
553 539 604 592 sub
623 540 743 594 aetheris
762 557 813 594 axe

99 619 201 686 Ingens
220 633 266 670 ara
284 615 337 667 luit
354 614 484 681 iuxtaque
503 616 650 670 veterrima
666 617 766 685 laurus,

101 693 265 748 incumbens
284 707 347 744 arae
365 694 448 759 atque
467 693 564 746 umbra
581 695 713 762 conplexa
732 695 848 749 Penatis.

103 770 155 824 ilic
175 767 289 823 Hecuba
307 771 335 820 et
353 772 432 821 natae
452 771 618 838 nequiquam
638 770 733 824 altaria
751 773 860 839 circum,
920 786 956 825 515

100 846 268 914 Praecipites
286 848 347 897 atra
365 861 414 897 ceu
432 849 597 914 tempestate
616 848 763 914 columbae,

101 921 261 976 Condensae
279 924 308 973 et
326 919 416 973 divom
435 923 576 991 amplexae
595 923 736 977 simulacra
754 925 892 978 sedebant.

102 1000 197 1067 Ipsum
215 1000 307 1050 autern
326 998 440 1065 sumptis
460 999 596 1052 Priamum
615 1000 782 1054 iuvenalibus
800 1002 880 1054 annis

101 1075 142 1128 Ut
160 1074 237 1140 vidit,
257 1075 332 1138 Quae
350 1090 427 1126 meus
445 1077 501 1127 tam
521 1075 587 1141 dira,
606 1077 755 1129 miserrime
774 1077 897 1143 coniunx,

103 1150 208 1220 inpulit
227 1150 268 1202 his
286 1149 358 1218 cingi
377 1150 456 1204 telisl
474 1154 522 1204 aut
540 1168 595 1220 quo
613 1152 685 1206 ruisi
704 1153 800 1220 inquit.
922 1167 957 1204 5ao

103 1227 165 1280 Non
185 1227 233 1280 tali
249 1227 348 1280 arixilio
366 1243 416 1280 nec
434 1227 622 1282 defensoribus
639 1228 699 1282 istis
774 1246 776 1263 ·

103 1305 223 1373 Tempus
241 1306 319 1370 eget;
337 1320 398 1369 non,
418 1304 440 1356 si
459 1305 517 1371 ipse
534 1321 611 1356 meus
630 1321 700 1357 nune
719 1303 828 1357 adseret
847 1303 956 1356 Hector.

104 1381 169 1434 Huc
187 1379 299 1432 tandem
318 1377 450 1445 coneede;
468 1379 534 1432 haec
553 1395 599 1432 ara
618 1380 741 1433 tuebitur
760 1381 855 1446 omnis,

105 1459 164 1510 Aut
182 1455 297 1508 moriere
316 1455 401 1508 simul.
440 1456 484 1509 Sic
501 1472 548 1508 ore
568 1455 650 1509 effata
668 1456 772 1524 recepit

105 1533 153 1586 Ad
171 1548 231 1585 sese
249 1535 279 1585 et
297 1548 372 1585 sacra
390 1533 549 1599 longaevum
569 1532 596 1584 in
615 1533 680 1584 sede
698 1532 803 1584 locavit.
923 1545 960 1585 aas

45 1608 50 1617 '
140 1610 210 1662 Eece
228 1611 318 1661 autem
337 1609 444 1676 elapsus
464 1608 560 1676 Pyrrhi
578 1608 613 1661 de
634 1608 718 1662 caede
738 1608 846 1676 Polites,

104 1687 184 1740 Unus
202 1689 326 1738 natorum
347 1684 454 1744 Priami,
472 1699 522 1752 per
539 1685 602 1752 tela,
622 1703 672 1754 per
690 1686 776 1739 hostis

106 1760 261 1816 Porticibus
278 1761 364 1828 longis
382 1761 459 1828 fugit,
478 1763 506 1814 et
524 1777 608 1814 vacua
627 1763 697 1815 atria
714 1762 814 1814 lustrat

106 1839 229 1894 Saucius:
248 1838 323 1891 illum
342 1838 440 1892 ardens
457 1838 556 1892 infesto
574 1838 683 1892 volnere
702 1838 823 1906 Pyrrhus

109 1915 272 1980 Insequitur,
285 1915 337 1967 iam
351 1915 459 1982 iamque
471 1931 552 1966 manu
564 1917 642 1968 tenet
654 1918 683 1968 et
695 1914 797 1984 premit
808 1913 901 1968 hasta:
925 1929 962 1968 seo

108 1991 147 2044 Ut
165 1990 276 2043 tandem
295 1995 359 2044 ante
378 1990 469 2043 oeulos
487 1991 574 2043 evasit
593 1993 622 2044 et
639 2007 687 2043 ora
704 1993 857 2058 parentum,

108 2066 239 2132 Concidit,
259 2083 289 2120 ae
307 2067 393 2120 multo
411 2067 496 2119 vitum
514 2083 576 2119 eum
595 2067 725 2134 sanguine
743 2065 822 2118 fudit.

109 2144 162 2195 llic
183 2142 312 2209 Priamus,
330 2157 494 2211 quamquam
513 2143 540 2194 in
559 2143 648 2196 media
665 2143 719 2195 iam
737 2146 825 2195 morte
843 2145 961 2206 tenetur,

108 2219 169 2271 Non
187 2223 278 2270 tamen
296 2218 436 2284 abstinuit,
455 2235 504 2272 nec
522 2220 581 2272 voci
599 2219 710 2288 iraeque
729 2219 865 2287 pepercit:

109 2299 149 2348 At
166 2293 218 2347 tibi
236 2311 285 2362 pro
303 2295 411 2362 scelere,
431 2295 571 2362 exclamat,
590 2311 639 2364 pro
657 2295 757 2348 talibus
775 2296 853 2362 ansis,
928 2310 963 2349 535

109 2372 150 2438 Di,
170 2372 192 2424 si
211 2388 265 2439 qua
283 2375 325 2425 est
343 2372 416 2425 caelo
434 2372 529 2440 pietas,
549 2389 619 2441 quae
637 2372 704 2425 talia
722 2376 806 2438 ornet,

110 2448 270 2500 Persolvant
287 2452 379 2514 grates
397 2448 494 2515 dignas
512 2451 541 2501 et
559 2449 679 2516 praemia
697 2449 815 2501 reddant

30 2522 33 2528 ’
110 2523 217 2589 Debita,
236 2524 282 2590 qui
300 2525 357 2576 nati
375 2541 466 2577 eoram
484 2541 528 2576 me
547 2541 658 2576 cernere
678 2524 762 2577 letum

111 2599 212 2652 Fecisti
229 2603 257 2652 et
274 2600 377 2667 patrios
395 2599 513 2653 foedasti
531 2600 626 2652 funere
644 2600 739 2652 voltus¹

111 2678 150 2728 At
167 2692 222 2728 nen
240 2674 294 2738 ille,
313 2681 401 2728 satum
420 2691 474 2744 quo
492 2679 521 2728 te
539 2676 670 2740 mentiris,
690 2675 811 2728 Achilles
931 2689 967 2728 teo

110 2751 183 2804 'l'alis
200 2751 229 2804 in
246 2751 327 2804 hoste
344 2751 396 2804 fnit
415 2751 539 2814 Priamo;
557 2750 606 2803 sed
624 2752 683 2804 iura
701 2750 839 2819 fidemque

110 2826 244 2895 Supplicia
262 2825 378 2892 erubuit,
397 2843 550 2896 corpusque
569 2843 705 2895 exsangue
725 2827 867 2895 sepulchro

111 2901 246 2955 Reddidit
265 2902 440 2969 Hectoreum,
457 2920 556 2970 lneque
574 2902 602 2955 in
620 2920 682 2956 mea
699 2919 783 2970 regna
801 2904 913 2956 remisit.

110 2979 156 3032 Sic
173 2979 248 3031 fatus
266 2977 363 3044 senior,
381 2979 522 3046 telumque
539 2978 639 3032 inbelle
658 2980 716 3032 sine
733 2979 790 3031 ictu

111 3055 243 3120 Oeniecit,
260 3070 343 3107 rauco
361 3053 435 3122 qued
451 3053 577 3121 protinus
594 3071 657 3108 aere
674 3055 811 3123 repulsum
932 3067 968 3106 ⁵45

111 3131 148 3184 Et
166 3146 274 3184 summo
291 3129 370 3198 clipei
388 3131 551 3199 nequiquam
570 3130 687 3184 umbone
705 3129 840 3198 pependit.

12 3247 14 3276 z
97 3253 98 3256 ,
116 3207 162 3260 tui
182 3206 318 3274 Pyrrhus:
338 3206 453 3260 Referes
471 3223 536 3274 ergo
554 3206 620 3260 haec
638 3209 667 3258 et
685 3205 795 3257 nuntius
812 3205 864 3257 ibis

194 3280 224 3324 10
