2172 3506
119 153 167 202 296
356 152 384 200 P.
403 150 556 198 VERGILI
573 147 737 199 MARONIS

118 232 266 286 Tantorum
284 233 406 302 inpensis
424 247 551 300 operum;
572 230 609 283 nil
628 230 700 286 dona
717 249 806 302 neque
824 247 921 284 aurum

119 307 177 361 Nec
194 324 307 376 magnas
325 309 442 363 valuisse
459 322 567 374 preces;
591 306 645 360 alia
662 325 739 362 arma
757 307 863 362 Latinus

119 383 290 451 Quaerenda,
308 387 356 439 aut
374 399 468 453 pacem
487 381 601 436 Troiano
619 383 654 436 ab
671 402 737 454 rege
754 383 913 453 petendum.
932 396 970 435 aaa

118 458 219 513 Deficit
237 459 342 528 ingenti
360 461 436 514 luctu
454 475 502 512 rex
520 457 580 525 ipse
598 459 717 516 Lafinua

119 535 243 589 Fatalem
262 538 375 590 Aenean
392 533 537 588 manifesto
554 535 665 589 numine
682 536 746 590 ferri

118 611 260 665 Admonet
278 613 319 665 ira
337 613 419 665 deum
437 609 590 677 tumulique
607 615 671 665 aute
689 629 737 665 ora
753 615 886 665 recentes.

119 685 192 755 Ergo
210 688 353 742 concilium
371 703 498 755 magnum
515 685 671 755 primosque
690 705 798 742 suorum

119 762 229 831 Inperio
247 764 349 818 accitos
367 763 423 818 alta
441 763 514 817 intra
532 761 625 816 limina
642 765 721 832 cogit.
933 780 969 818 :aa

119 839 171 891 Olli
192 856 349 908 convenere,
369 840 511 906 fluuntque
529 837 566 890 ad
582 841 659 906 regia
676 840 763 909 plenis

118 915 201 969 Tecta
218 916 276 970 viis.
312 916 398 970 Sedet
415 916 443 968 in
461 913 559 968 mediis
577 917 606 968 et
623 931 765 969 maxumus
783 930 850 968 aevo

119 991 154 1043 ut
173 992 277 1060 primus
294 992 416 1060 sceptris,
434 991 508 1044 haud
525 990 598 1044 lacta
614 992 711 1060 fronte,
730 993 849 1046 Latinus.

118 1070 213 1136 Atque
231 1069 275 1122 hic
292 1069 397 1137 legatos
416 1067 517 1121 Aetola
534 1083 569 1120 ex
586 1068 654 1122 urbe
672 1070 804 1136 remissos,

118 1143 193 1207 Quae
211 1145 338 1212 referant,
356 1145 407 1198 fari
425 1143 509 1210 iubet,
528 1147 557 1196 et
575 1161 704 1212 responsa
721 1146 841 1213 reposcit
932 1163 970 1202 aso

118 1220 221 1274 Ordine
239 1224 336 1276 cuncta
354 1237 409 1274 suo.
445 1220 513 1272 'lum
530 1219 604 1272 facta
621 1221 729 1274 silentia
746 1221 851 1290 linguis,

119 1296 155 1350 Et
174 1297 296 1352 Venulus
314 1297 388 1352 dicto
406 1313 505 1366 parens
523 1297 561 1348 ita
578 1296 662 1349 farier
679 1297 754 1351 infit:

154 1373 288 1440 Vidimus,
306 1391 323 1427 o
341 1374 421 1440 cives,
439 1372 601 1425 Diomedem
621 1373 778 1441 Argivaque
796 1380 893 1444 castra,

120 1452 213 1516 Atque
230 1450 285 1504 iter
302 1451 404 1503 emensi
422 1466 506 1502 rasus·
517 1449 702 1516 superavimus
720 1451 814 1516 onmis,

119 1523 341 1594 Contigirnusque
360 1542 476 1592 manum,
496 1541 550 1593 qua
567 1524 684 1577 concidit
702 1525 754 1577 Ilia
772 1526 859 1580 tellus.
931 1543 969 1582 aaa

119 1597 170 1651 Ille
188 1600 284 1652 urbem
305 1602 467 1668 Argyripam
487 1601 593 1670 patriae
610 1602 767 1668 cognomine
783 1602 874 1670 gentis

118 1674 214 1728 Victor
231 1676 350 1743 Gargani
371 1677 506 1730 condebat
525 1677 635 1745 Iapygis
653 1677 731 1744 agris.

118 1749 266 1819 Postqmur
284 1753 443 1820 introgressi
463 1757 492 1806 et
509 1769 599 1806 coram
618 1752 683 1806 data
701 1753 777 1822 copia
794 1754 877 1823 fandi,

118 1826 232 1881 Munera
250 1830 436 1896 praeferimus,
456 1847 554 1882 nomen
573 1829 744 1897 patriamque
762 1829 905 1895 docemus;

118 1903 169 1967 Qui
182 1903 284 1958 bellum
297 1905 446 1970 intulerint,
457 1922 527 1972 quae
540 1923 634 1958 caussa
647 1907 792 1958 attraxerit
807 1909 895 1973 Arpos
931 1922 969 1960 ato

119 1979 230 2033 Auditis
248 1981 294 2034 ille
311 1981 377 2035 haee
395 1981 501 2049 placido
519 1982 558 2034 sic
575 1981 697 2034 reddidit
714 1997 774 2034 ore:

117 2054 140 2105 O
158 2054 313 2111 fortunatae
330 2061 434 2125 gentes,
454 2057 582 2110 Saturnia
599 2073 689 2124 regna,

118 2130 233 2198 Antiqui
252 2133 374 2200 Ausonii,
393 2149 463 2200 quae
481 2149 529 2184 vos
546 2133 655 2184 fortuna
673 2132 780 2199 quietos

117 2205 258 2272 Sollicitat,
279 2208 431 2277 suadetque
448 2209 542 2276 ignota
560 2207 693 2260 lacessere
710 2207 798 2261 bellal

117 2281 286 2349 Quicumque
305 2283 402 2336 Iliacos
419 2284 492 2336 ferro
510 2283 669 2336 violavimus
686 2299 810 2350 agros,-
932 2302 969 2340 aaa

116 2355 198 2408 Mitto
216 2373 255 2421 ea,
273 2375 344 2426 quae
362 2359 447 2410 muris
465 2358 591 2412 bellando
610 2358 744 2412 exhausta
761 2360 812 2412 sub
830 2361 901 2425 altis,

116 2432 189 2496 Quos
208 2432 305 2485 Simois
323 2437 430 2500 premat
447 2434 493 2486 ille
511 2433 727 2487 viros-infanda
744 2451 794 2503 per
811 2435 905 2488 orbem

115 2508 253 2578 Supplicia
271 2514 300 2564 et
318 2509 450 2563 scelerum
467 2527 568 2576 poenas
586 2510 766 2578 expendimus
784 2527 884 2578 omnes,

116 2584 167 2637 Vol
188 2585 297 2640 Priamo
314 2586 469 2639 miseranda
486 2602 595 2651 manus;
614 2587 666 2639 scit
683 2587 764 2641 triste
783 2588 926 2641 Minervae

116 2659 197 2713 Sidus
215 2665 244 2714 et
264 2661 399 2716 Euboicae
417 2665 510 2714 cautes
528 2661 655 2728 ultorque
674 2662 837 2729 Caphereus.
932 2679 969 2718 aso

115 2735 215 2788 Militia¹
232 2755 267 2789 ex
285 2738 331 2790 illa
349 2738 488 2791 diversum
505 2737 541 2790 ad
559 2737 626 2790 litus
644 2738 734 2791 abacti

116 2811 231 2864 Atrides
251 2813 343 2867 Protei
360 2814 502 2867 Menelaus
520 2813 643 2880 adusque
662 2814 800 2867 columnas

115 2888 236 2956 Exsultat,
258 2890 397 2940 Aetnaeos
418 2890 488 2941 vidit
508 2888 639 2956 Cyclopas
660 2889 762 2943 Ulixes.

116 2959 213 3028 Regna
232 2962 405 3029 Neoptolemi
426 2965 552 3030 referam,
574 2979 723 3032 versosque
741 2966 849 3033 penatis

115 3034 272 3088 Idomeneil
295 3036 430 3102 Libycone
450 3038 601 3091 habitantis
620 3039 700 3092 litore
721 3039 837 3093 Locrosl

115 3103 178 3171 lpse
197 3107 360 3174 Mycenaeus
379 3128 538 3177 magnorum
559 3113 656 3166 ductor
676 3115 809 3167 Achivom

114 3177 242 3246 coniugis
262 3183 391 3239 infandae
409 3185 497 3254 prima
514 3186 588 3240 intra
606 3187 699 3242 limina
717 3188 815 3245 deutra
939 3215 965 3272 p
