2172 3506
366 136 549 186 AENEIDOS
566 135 637 185 LIB.
655 135 706 184 IX.
917 139 964 186 2⁵9

114 223 275 294 Increpuit;
298 224 424 293 sequitur
441 225 550 294 clamor,
568 224 728 293 caelumque
745 225 872 295 remugit.

112 301 283 355 Adcelerant
300 304 362 354 acta
378 303 483 370 pariter
500 302 641 355 testudine
659 302 766 368 Volsci;
928 317 965 358 sos

111 377 149 430 Et
167 378 255 430 fossas
273 377 377 445 inplere
394 381 492 445 parant
511 395 542 430 ae
561 378 661 430 vellere
680 378 791 432 vallum.

111 453 255 517 Quaerunt
272 469 336 521 pars
353 453 468 517 aditum,
486 457 516 506 et
533 454 612 506 scalis
630 453 778 507 ascendere
795 469 892 515 muros,

110 530 174 593 Qua
190 546 253 582 rara
271 533 314 582 cst
330 529 401 582 acies
419 529 620 597 interlucetque
638 546 737 582 corona

111 607 136 658 N
139 623 176 658 on
193 609 252 659 tam
270 605 358 672 spissa
374 606 448 659 viris.
484 605 610 660 Telorum
628 606 768 659 effundere
786 609 882 660 contra

110 681 201 736 Omne
218 699 305 749 genus
323 682 469 736 Teucrion
487 682 564 736 duris
582 681 732 736 detrudere
750 681 844 745 contis,
926 699 962 737 sro

112 759 234 813 Adsueti
251 759 332 827 longo
349 775 442 811 muros
460 758 609 812 defendere
627 757 707 811 bello.

110 834 184 888 Saxa
202 851 310 903 quoque
328 833 429 887 infesto
447 833 593 887 volvebant
610 833 739 902 pondere,
758 833 781 886 si
799 849 854 903 qua

111 911 229 964 Possent
246 912 348 964 tectam
366 910 451 962 aciem
469 925 655 978 perrumpere,
672 925 735 962 curu
753 912 846 962 tamen
863 912 951 964 onmis

110 985 198 1039 Ferre
216 985 292 1039 iuvat
309 984 405 1039 subter
423 985 508 1038 densa
525 985 664 1038 testudine
682 1000 766 1038 cesus.

110 1061 171 1115 Nec
188 1062 242 1115 iam
260 1061 405 1114 sufficiunt.
439 1061 464 1114 N
466 1077 510 1114 ani
529 1077 583 1130 quo
600 1060 696 1128 globus
714 1060 839 1129 imminet
855 1061 959 1128 ingens,

112 1137 253 1191 lnmanem
272 1137 368 1191 Teucri
386 1137 485 1190 molem
503 1137 669 1204 volvuntque
686 1139 832 1204 ruuntque,

110 1213 188 1276 Quae
206 1213 304 1266 stravit
322 1213 439 1266 Rutulos
457 1213 520 1278 late,
539 1228 731 1280 armorumque
748 1211 861 1266 resolvit

109 1289 249 1357 Tegmina,
284 1289 310 1341 N
312 1305 343 1342 ec
360 1293 456 1342 curant
474 1305 554 1342 cacco
573 1287 739 1341 contendere
757 1287 848 1340 Marte

111 1364 239 1434 Amplius
257 1363 374 1418 audaces
393 1364 498 1432 Rutuli,
517 1363 566 1418 sed
584 1363 687 1431 pellere
704 1361 773 1416 vallo

109 1441 263 1494 Missilibus
281 1443 394 1495 certant.
922 1455 959 1496 tao

110 1517 195 1570 Parte
212 1516 266 1570 alia
283 1517 436 1570 horrendus
454 1517 515 1570 visu
532 1515 681 1583 quassabat
699 1515 842 1569 Etruscam

109 1593 210 1646 Pinum
228 1595 258 1645 et
275 1592 417 1646 fumiferos
434 1593 519 1646 infert
537 1592 691 1645 Mezentius
708 1591 794 1659 ignis,

109 1671 151 1721 At
168 1669 313 1736 Messapus
331 1685 432 1736 equum
451 1668 577 1736 domitor,
598 1667 738 1735 Neptunia
755 1668 853 1736 proles,

108 1743 253 1797 Rescindit
270 1744 371 1798 sallum
389 1748 419 1798 ot
436 1745 522 1798 scalas
540 1745 567 1796 iu
586 1744 693 1797 incenia
710 1743 805 1811 poscit.

143 1819 209 1884 Vos,
228 1836 244 1872 ο
264 1820 392 1889 Calliope,
412 1836 517 1889 preco-r,
536 1819 676 1887 adspirate
694 1819 809 1884 canenti,
919 1835 956 1874 sas

107 1897 184 1962 Quas
202 1895 241 1949 ibi
258 1899 319 1949 turn
336 1896 409 1950 ferro
429 1900 543 1964 strages,
562 1912 633 1964 quae
650 1895 746 1948 funera
764 1895 870 1948 Turnus

106 1971 245 2038 Ildiderit,
265 1988 346 2040 quem
365 1973 480 2040 quisque
499 1972 587 2025 virum
606 1970 748 2025 demiserit
767 1970 853 2034 Orco;

106 2048 145 2101 Et
163 2048 406 2114 mecumingentis
424 2065 485 2102 oras
503 2047 620 2101 evolvite
638 2046 710 2100 belli.

105 2123 157 2193 [Et
174 2123 336 2177 meministis
354 2125 434 2192 enim,
453 2124 540 2191 divae,
558 2127 588 2176 et
604 2137 756 2176 memorare
774 2121 909 2190 potestis]

141 2200 237 2254 Turris
256 2203 316 2253 erat
327 2204 405 2254 vasto
423 2203 552 2269 suspectu
569 2203 599 2254 et
616 2197 745 2268 pontibus
762 2197 831 2263 altis,
920 2215 955 2254 sss

105 2277 271 2346 Opportuna
288 2276 361 2341 loc0;
386 2277 500 2331 summis
517 2293 600 2345 quam
618 2273 722 2329 viribus
740 2291 831 2330 omnes

106 2353 274 2420 Expugnare
293 2352 358 2406 Itali
376 2369 536 2421 summaque
554 2355 680 2406 evertere
697 2367 779 2419 opum
797 2351 824 2405 vi

106 2427 266 2494 Certabant,
283 2427 367 2482 Troes
384 2432 479 2482 contra
497 2427 646 2482 defendere
664 2427 736 2480 saxis

107 2504 216 2572 Perque
234 2520 312 2558 cavas
331 2504 409 2558 densi
427 2505 483 2576 tela
499 2505 657 2572 intorquere
674 2503 816 2557 fenestras.

106 2578 239 2648 Princeps
257 2579 400 2633 ardentem
418 2581 534 2634 coniecit
550 2578 677 2647 lampado
695 2578 809 2646 Turnus,
920 2593 955 2632 sas

106 2655 143 2708 Ilt
161 2653 296 2708 flammam
315 2655 412 2709 adfixit
429 2655 524 2719 lateri;
547 2671 618 2723 quae
636 2653 753 2722 plurima
770 2657 850 2708 vento

107 2731 247 2800 Corripuit
265 2731 374 2785 tabulas
393 2735 422 2786 et
440 2731 564 2800 postibus
581 2729 672 2783 haesit
689 2727 787 2782 adesis.

106 2806 220 2860 Turbati
238 2807 379 2875 trepidare
395 2808 477 2874 intus,
495 2807 652 2874 frustraque
669 2805 802 2859 malorum

106 2881 189 2936 Velle
206 2881 306 2950 fugam.
343 2883 416 2937 Dum
435 2901 464 2937 se
482 2884 643 2950 glomerant,
663 2885 792 2950 retroque
810 2881 937 2940 residunt

106 2957 140 3010 In
158 2961 274 3026 partem,
293 2975 363 3026 quae
381 2963 460 3027 peste
476 2962 559 3025 earet,
578 2961 637 3011 tum
655 2957 778 3025 pondere
796 2955 882 3011 turris
918 2974 955 3010 ear

105 3032 257 3088 Procubuit
274 3033 372 3101 subite,
391 3039 420 3089 et
438 3035 543 3088 caelum
560 3037 639 3087 tonat
656 3047 736 3085 omne
752 3031 868 3098 fragore.

105 3108 261 3164 Semineces
279 3109 316 3162 ed
333 3113 444 3176 terram,
461 3108 650 3164 inmani'mole
668 3109 769 3170 secuta,

105 3185 268 3301 Conligrlique
286 3187 342 3240 suis
360 3186 422 3240 telis
441 3191 469 3240 et
488 3188 600 3254 pectora
618 3183 687 3234 duro
