2172 3506
107 121 154 172 268
342 125 372 174 P.
389 123 545 172 VERGILI
561 121 736 173 MARONIS'

106 199 232 268 Tydides.
269 199 406 272 Equidem
423 202 514 270 credo,
533 218 594 256 meu
610 203 721 260 volnera
737 207 851 269 ruunt,

107 274 145 330 ht
163 279 211 330 tua
229 279 374 347 progenies
392 277 519 332 mortalia
536 277 664 332 demoror
681 285 773 335 arma!
936 294 964 334 uo

108 351 137 406 Si
156 352 214 406 sine
231 370 299 421 paee
317 359 366 408 tua
383 359 467 424 atque
486 353 572 408 invito
590 356 701 410 numine
720 358 805 412 Troes

108 427 218 482 Italiam
236 431 358 498 petiere:
377 431 456 484 luant
473 434 593 498 peecata,
611 447 700 500 neque
718 432 780 486 illos

108 504 215 557 iuveris
233 507 348 559 auxilio:
369 507 409 559 siu
428 510 471 560 tot
489 523 618 574 responsa
636 509 731 576 secuti,

108 579 184 642 Quae
197 580 293 650 Superi
307 582 457 649 Manesque
470 581 574 635 dabant
585 602 590 636 :
603 600 652 636 cur
667 601 739 638 nunc
750 588 799 637 tua
811 583 958 652 quisquam

108 656 227 710 Vertere
245 657 318 712 iussa
336 660 447 727 potestl
465 662 514 711 aut
531 674 580 711 cur
597 675 668 713 nova
685 659 801 714 condere
819 659 898 712 fatal
934 673 959 710 aa

108 731 180 794 Quid
198 737 322 802 repetam
341 737 453 788 exustas
471 733 586 802 Erycino
604 734 632 787 in
649 735 730 789 litore
748 734 862 788 classiss

108 806 181 870 Quid
200 811 397 877 tempestatum
416 825 516 878 regem,
534 813 684 880 ventosque
700 811 817 864 furentis

108 882 206 936 Aeolia
224 884 346 938 excitos?
365 889 413 938 aut
430 888 518 938 actam
537 884 655 939 nubibus
674 887 762 940 lriml

106 957 132 1011 Ν
134 975 186 1014 unc
204 959 288 1013 etiam
307 960 501 1014 Manis—haec
517 961 682 1029 intemptata
699 960 827 1015 manebat

107 1033 171 1088 Sors
189 1040 416 1103 rerum—movet,
435 1038 464 1090 et
482 1036 587 1104 superis
605 1037 718 1090 inmissa
734 1040 849 1104 repente
933 1051 957 1087 se

107 1110 223 1178 Allecto,
242 1112 346 1166 medius
365 1113 466 1168 Italum
485 1111 617 1166 bacchata
634 1129 683 1181 per
700 1112 789 1166 urbes.

107 1185 152 1238 Nil
172 1203 253 1255 super
271 1187 376 1256 inperio
394 1204 520 1251 moveor;
538 1189 706 1256 speravimus
724 1188 785 1255 ista,

107 1261 179 1315 Dum
197 1263 308 1316 fortuna
325 1264 394 1328 iuit3
412 1264 528 1330 vincant,
546 1280 615 1332 quos
632 1265 739 1318 vincere
756 1265 849 1318 mavis.

107 1336 134 1389 Si
153 1338 228 1392 nulla
245 1343 288 1393 est
306 1340 390 1407 regio,
409 1339 519 1394 Teucris
537 1356 620 1407 quam
639 1340 687 1393 det
704 1343 753 1393 tua
769 1339 887 1392 coniunx

107 1411 189 1480 Dura,
208 1432 258 1484 per
276 1433 393 1484 eversae,
411 1415 527 1483 genitor,
544 1414 679 1470 fumantia
696 1415 791 1470 Troiae
932 1431 957 1468 es

107 1489 236 1544 Enseidia
253 1491 394 1546 obtestor:
412 1491 493 1546 liceat
511 1491 651 1546 dimittere
669 1492 704 1546 ab
722 1492 805 1545 armis

107 1565 272 1620 Incolumem
291 1568 448 1635 Ascanium,
465 1568 546 1623 liceat
564 1585 706 1637 superesse
724 1571 860 1636 nepotem.

106 1645 215 1695 Aeneas
233 1659 298 1696 sano
316 1643 418 1710 ignotis
434 1644 553 1698 iactetur
571 1644 599 1697 in
617 1644 707 1713 undis,

106 1717 150 1783 Et,
168 1734 355 1788 quaecumque
372 1719 443 1772 viam
462 1719 572 1773 dederit
590 1720 720 1787 Fortuna,
739 1723 888 1788 sequatur:

108 1793 188 1847 Hunc
206 1785 301 1862 tegere
319 1799 349 1848 et
367 1794 444 1848 dirae
462 1796 566 1848 valeam
585 1795 739 1850 subducere
756 1812 872 1864 pugnae.
929 1812 954 1849 uo

106 1869 156 1924 nst
175 1871 319 1936 Amathus,
337 1876 380 1926 est
398 1872 470 1926 celsa
487 1872 553 1924 mihi
573 1872 683 1940 Paphus
700 1877 784 1940 atque
803 1872 929 1940 Cythera,

106 1945 265 2015 Idaliaeque
283 1948 396 2002 domus:
415 1948 512 2016 positis
529 1948 661 2015 inglorius
678 1949 761 2001 armis

106 2021 206 2089 Exiget
224 2024 268 2076 hic
285 2039 390 2077 aevum.
427 2024 530 2090 Magna
548 2023 654 2077 dicione
672 2023 766 2077 iubeto

106 2096 249 2166 Karthago
267 2103 376 2167 premat
395 2099 563 2163 Ausoniam
580 2099 647 2152 nihil
666 2099 779 2154 urbibus
796 2098 861 2151 inde

105 2175 234 2229 Obstabit
253 2175 347 2243 Tyriis.
384 2175 456 2240 Quid
474 2179 581 2243 pestem
598 2175 716 2229 evadere
734 2174 799 2228 belli
931 2191 944 2228 ⁵

107 2251 180 2303 luvit
198 2254 227 2304 et
247 2251 388 2318 Argolicos
406 2251 526 2304 medium
544 2251 647 2318 fugisse
664 2269 714 2320 per
731 2250 808 2318 ignis,

105 2326 210 2393 'l'otqne
228 2327 311 2378 maris
329 2331 477 2394 vastaeque
496 2327 629 2380 exhausta
646 2327 768 2396 pericula
785 2330 883 2392 terrae,

106 2401 177 2454 Dum
196 2401 305 2454 Latium
325 2402 420 2455 Teucri
439 2402 615 2471 recidivaque
634 2403 768 2470 Pergama
785 2405 940 2471 quaerunt?

105 2477 165 2529 Nou
184 2478 277 2544 satius,
295 2477 400 2530 cineres
418 2479 523 2546 patriae
541 2478 674 2532 insedisse
691 2495 831 2547 supremos

105 2553 199 2621 Atque
213 2553 307 2620 solum,
322 2571 375 2621 quo
389 2555 468 2608 Troia
479 2555 552 2608 fuiti
564 2553 706 2608 Xanthum
718 2559 747 2608 et
763 2555 903 2608 Simoenta
927 2570 953 2606 oo

105 2629 210 2698 Redde,
228 2647 283 2697 oro,
303 2631 415 2697 irriseris,
433 2632 589 2698 iterumque
606 2629 744 2685 revolvere
762 2646 840 2683 casus

104 2705 154 2772 Da,
171 2710 257 2774 pater,
278 2707 375 2760 Iliacos
393 2706 512 2760 Teucris.
549 2706 618 2759 Tum
635 2723 712 2774 regia
731 2707 800 2760 luno

104 2783 177 2834 Aeta
193 2782 286 2835 furore
303 2783 396 2848 gravi:
415 2782 487 2846 Quid
505 2799 550 2835 me
567 2782 624 2835 alta
641 2783 749 2836 silentia
766 2782 839 2849 cogis

105 2855 243 2924 Rumpere
261 2861 290 2910 et
308 2856 458 2911 obductum
474 2857 565 2912 verbis
579 2857 689 2926 volgare
707 2858 845 2911 doloreml

106 2933 216 2984 Aenean
234 2933 373 2985 hominum
391 2933 534 3002 quisquam
553 2933 699 3001 divomque
717 2933 826 3001 subegit
926 2948 953 2988 tt

106 3004 180 3056 Bella
198 3009 282 3074 sequi,
302 3012 351 3061 aut
369 3008 476 3062 hostem
494 3008 553 3076 regi
572 3025 602 3062 se
619 3009 721 3062 inferre
739 3009 859 3063 Latinol

103 3077 212 3131 ltaliam
230 3084 312 3148 potiit
329 3083 394 3136 satis
412 3083 588 3148 auctoribus,
606 3088 681 3150 esto:

103 3149 273 3208 Cassandrae
290 3157 412 3224 inpulsus
430 3158 522 3210 iuriis:
540 3175 604 3212 num
623 3159 747 3228 linquere
766 3164 857 3215 castra
