2152 3506
126 131 156 176 al
356 128 385 176 P.
405 127 558 176 VERGILI
577 127 742 176 IllAllONIS

126 212 222 264 lucutc
240 210 293 262 rim
311 210 400 262 ventis
418 209 627 277 submersasque
645 210 731 264 obruo
749 212 857 281 puppis,

125 288 184 342 Aut
202 303 252 352 age
270 285 391 338 diversos
409 289 439 340 et
456 285 549 340 disiice
567 303 681 355 corpora
699 291 789 356 ponto.
970 305 996 346 ro

125 363 194 416 Sunt
212 361 277 414 mihi
296 361 337 414 bis
356 367 461 430 septem
480 363 633 431 praestanti
651 379 764 431 corpore
782 363 944 434 Nymphae,

126 439 246 503 Quarum
265 455 334 506 quae
352 439 439 490 forma
457 438 640 506 pulcherrima
659 439 787 507 Deiopea,

126 515 265 570 connubio
283 515 394 582 iungam
413 515 505 568 stabili
522 516 715 583 propriamque
734 514 837 582 dicabo,

126 588 220 646 Omnis
238 596 269 645 ut
287 596 378 645 tecum
396 591 501 644 meritis
519 607 569 659 pro
588 591 689 646 talibus
707 608 791 646 annos

125 669 225 736 Erigat
244 674 273 724 et
290 667 403 737 pulchra
420 667 503 722 faciat
520 671 549 720 te
567 666 644 735 prole
662 671 810 736 parentem.
967 687 993 727 rs

161 747 265 799 Aeolus
282 744 350 797 haec
368 748 476 797 eontra:
496 744 576 810 Tuus,
596 760 612 796 o
630 745 731 812 regina,
751 744 817 812 quid
835 749 929 812 optes,

126 822 276 890 Explorare
294 821 384 884 labor;
401 820 468 873 mini
484 820 558 873 iussa
575 836 717 888 capessere
734 821 775 874 fas
792 825 842 874 est.

126 897 166 950 Tu
184 899 256 964 mibi,
275 897 465 966 quodcumque
483 895 533 948 hoe
551 897 636 963 regni,
655 901 686 950 tu
704 900 812 965 sceptra
832 897 993 966 Iovemque

126 975 266 1038 Concilias,
285 980 316 1026 tu
335 973 384 1024 das
403 972 489 1040 epulis
507 972 667 1026 accumbere
685 973 783 1040 divom,

126 1050 151 1102 N
153 1050 341 1116 imborumque
358 1049 424 1101 facis
442 1051 691 1118 tempestatumque
708 1053 854 1117 potentem.
966 1067 992 1106 so

162 1127 239 1180 llaec
256 1125 303 1179 ubi
322 1126 401 1192 diota,
420 1143 515 1178 cavum
533 1142 664 1179 conversa
683 1127 794 1194 cuspide
812 1132 939 1181 ruentem

127 1202 231 1272 Inpulit
248 1204 277 1256 in
295 1203 381 1256 latus:
401 1219 431 1255 ao
450 1203 532 1268 renti,
550 1202 625 1255 velut
643 1203 751 1270 agmine
769 1205 845 1266 facto,

128 1279 187 1343 Qua
205 1280 271 1333 data
290 1283 376 1347 porta,
397 1282 479 1331 ruunt
498 1282 526 1330 et
545 1282 634 1330 terras
653 1278 763 1332 turbine
780 1278 906 1342 perflant.

128 1356 279 1409 Incubuere
298 1356 374 1421 mari,
394 1358 536 1422 totumque
555 1372 571 1407 a
590 1355 700 1408 sedibus
717 1356 777 1408 imis

127 1431 187 1484 Una
209 1433 349 1499 lTurusque
368 1431 512 1498 Notusque
530 1435 614 1484 ruunt
632 1431 780 1501 creberque
798 1431 929 1492 procellis
965 1450 991 1488 ae

127 1508 243 1571 Africus,
262 1512 291 1561 et
310 1511 400 1560 vastos
419 1507 529 1559 volvunt
547 1507 582 1559 ad
601 1507 680 1560 litora
698 1508 802 1561 fluetus.

127 1583 285 1651 Insequitur
303 1583 457 1650 clamorque
476 1583 563 1636 rirurn
582 1583 737 1652 stridorque
756 1585 911 1638 rudentum.

127 1660 253 1727 Eripiunt
272 1659 362 1712 subito
381 1659 467 1712 nubes
486 1661 644 1729 caelumque
662 1660 788 1728 diemque

126 1736 290 1788 Teucrorum
309 1752 342 1788 cu
362 1735 462 1801 eculis;
481 1741 564 1804 pouto
583 1753 636 1789 nox
655 1736 766 1790 incubat
783 1742 847 1790 atra

128 1812 275 1865 intonuere
293 1812 356 1880 poli,
375 1815 404 1864 ct
421 1812 524 1866 crebris
543 1814 625 1866 micat
643 1813 752 1881 ignibus
770 1813 871 1878 aether,
963 1831 989 1870 ao

130 1889 357 1956 l‘raesentemquo
376 1889 439 1940 viris
457 1888 596 1942 intentant
614 1890 703 1941 ounria
720 1893 843 1943 mortem.

97 1961 117 2017 7
128 1965 270 2034 Extemplo
290 1969 401 2019 Aeneae
421 1965 563 2017 solvuntur
581 1965 683 2032 frigore
703 1965 839 2030 membra;

54 2108 59 2116 Ι
128 2042 253 2111 Ingemit,
271 2047 300 2096 et
318 2041 433 2110 duplicis
451 2042 569 2095 tendens
588 2043 623 2094 ad
642 2043 732 2095 sidera
749 2042 852 2112 palmas

52 2151 55 2158 ,
80 2151 87 2175 ,ι
127 2118 200 2172 Talia
218 2137 283 2173 voce
301 2120 399 2173 refert:
420 2119 442 2171 Ο
462 2123 560 2187 terque
579 2123 731 2187 quaterque
749 2118 830 2184 beati,

99 2209 105 2219 ·
127 2194 192 2256 Quis
210 2201 273 2248 ante
292 2212 339 2248 ora
357 2199 466 2262 patrmu
485 2194 581 2248 Troiae
600 2195 649 2247 sub
668 2194 808 2248 moenibus
827 2193 889 2246 altis
960 2211 987 2248 as

31 2331 48 2349 Ι
82 2333 86 2341 θ
126 2271 247 2336 Contigit
265 2269 408 2339 oppetere!
427 2287 443 2322 o
462 2270 586 2324 Danaum
605 2271 751 2324 fortissime
768 2271 857 2334 gentis
915 2288 921 2301 ·

83 2391 89 2404 ,
108 2405 118 2418 Α,
126 2345 243 2413 Tydide!
264 2363 342 2397 mene
364 2346 632 2402 lliacis'occumbere
651 2347 751 2414 campis

126 2421 187 2474 Non
206 2421 327 2488 potuisse
345 2424 447 2489 tuaque
467 2424 584 2476 animam
604 2423 673 2476 banc
692 2423 832 2477 effundere
850 2422 961 2490 dextra,

126 2497 226 2550 Saevus
244 2496 290 2549 ubi
310 2497 448 2552 Aeacidae
468 2500 523 2551 tclo
542 2499 614 2554 iacet
634 2500 747 2567 Hector,
765 2499 813 2552 ubi
831 2499 928 2565 ingens

126 2572 273 2640 Sarpedon,
292 2573 338 2626 ubi
357 2578 401 2628 tot
421 2574 517 2630 Simois
535 2581 662 2645 correpta
681 2575 828 2628 subaudis
948 2592 986 2630 roo

126 2649 208 2701 Scuta
225 2649 312 2702 rirmn
330 2652 476 2723 galeasque
497 2657 525 2706 et
543 2653 625 2706 fortia
644 2669 758 2720 corpora
775 2652 876 2706 volvitl

105 2723 116 2740 ⁰
159 2725 234 2778 Talia
251 2726 364 2781 iactanti
383 2730 502 2783 stridens
524 2731 661 2798 Aquilone
678 2729 797 2797 procella

125 2800 225 2855 Vclum
243 2803 359 2858 adversa
377 2807 449 2873 ferit,
469 2806 622 2876 fluctusque
642 2807 678 2860 ad
696 2805 787 2858 sidera
805 2805 883 2858 tollit.

126 2879 300 2947 Franguntur
318 2883 402 2947 remi;
420 2887 479 2936 tum
498 2901 579 2951 prora
597 2884 705 2949 avertit,
726 2887 754 2935 et
772 2882 851 2934 undis

126 2953 182 3006 Dat
189 2956 261 3010 latus
271 2977 277 3020 3
289 2957 443 3024 insequitur
452 2959 559 3011 cumulo
572 2963 737 3026 praeruptus
746 2975 833 3025 aquae
842 2973 926 3010 mous.
945 2973 984 3015 105

128 3029 165 3079 Hi
184 3049 287 3084 summo
304 3033 332 3084 in
351 3034 435 3086 fluctu
453 3033 589 3098 pendent;
607 3034 650 3085 his
667 3033 742 3084 unda
762 3033 904 3086 dehiscens

127 3104 236 3158 Terram
255 3108 326 3159 inter
344 3108 442 3162 fluctus
460 3108 566 3175 aperit;
584 3105 651 3160 furit
669 3111 760 3158 aestus
779 3109 875 3160 arenis.

127 3177 186 3230 Tris
205 3180 293 3235 Notus
312 3181 440 3251 abreptas
457 3183 485 3235 iu
505 3198 570 3235 saxa
588 3181 702 3233 latentia
721 3184 866 3248 torquet—
