2154 3518
352 125 557 174 GEORGICON
575 127 642 174 LIB.
664 126 711 174 IV.
928 129 958 174 69

143 204 190 259 Sin
208 206 300 259 autem
318 204 355 258 ad
372 223 490 274 pugnam
510 207 722 262 exierintunam
740 221 821 274 saepe
840 205 947 260 duobus

107 278 230 348 Regibus
246 281 357 335 incessit
375 299 472 348 magno
490 282 626 336 discordia
643 287 727 352 motu,

107 355 296 425 Continuoque
314 358 417 410 animos
436 359 506 426 volgi
524 363 552 413 et
570 359 735 428 trepidantia
752 359 824 414 bello

107 431 200 485 Corda
216 433 280 486 lieet
298 435 378 502 longe
395 436 589 502 praesciscer03
607 453 724 503 namque
742 436 872 490 morantis
936 447 958 488 ru

106 506 225 562 Martius
242 509 289 562 ille
306 511 376 564 aeris
394 500 568 564 rauei'canor
585 513 716 580 increpat,
734 516 763 566 et
780 529 832 564 vox

107 584 231 638 Auditur
248 585 349 638 fractos
368 588 470 639 sonitus
488 587 596 641 imitata
613 588 756 653 tuburunr;

100 659 176 713 *Turn
194 661 319 729 trepidae
337 661 409 715 inter
427 679 456 716 se
475 667 580 730 coeunt,
599 665 750 732 pennisque
768 666 917 730 coruscant,

107 735 269 805 Spiculaque
288 743 423 793 exacuunt
441 741 543 806 rustris,
563 744 714 809 aptantque
732 741 870 807 lacertos,

36 811 43 819 '
108 812 144 866 Et
162 813 232 866 eirea
250 831 342 882 regem
361 818 445 882 atque
462 816 521 884 ipsa
539 816 575 869 ad
593 814 730 887 praetoria
748 817 849 869 densae
935 827 960 869 lt

107 887 266 958 Miscentur,
285 892 443 958 magnisque
463 895 560 946 vocant
578 893 741 946 clamoribus
758 892 873 944 hostem.

107 963 180 1032 Ergo
197 965 245 1018 ubi
263 983 311 1020 ver
328 970 423 1020 nactae
442 968 547 1021 sudum
558 985 722 1038 camposque
740 968 866 1037 patentis,

107 1041 262 1109 Erumpunt
279 1043 379 1110 portis:
398 1045 567 1098 concurritur
585 1045 696 1099 aethere
713 1046 740 1097 in
758 1044 828 1108 alt0;

108 1115 153 1170 Fit
172 1119 289 1183 sonitus3
307 1137 435 1187 magnum
453 1122 555 1174 mixtae
572 1121 760 1189 glomerantur
776 1121 803 1173 in
823 1119 924 1185 orbem,

109 1193 329 1262 Praecipitesque
347 1196 462 1260 cadunt3
479 1213 532 1249 non
550 1196 658 1250 densior
676 1214 739 1250 aere
755 1195 868 1264 grando,
936 1209 961 1246 so

107 1268 166 1321 Nee
184 1268 220 1322 de
238 1286 366 1324 concussa
384 1275 491 1326 tantum
510 1273 579 1340 pluit
597 1273 658 1326 ilice
675 1272 790 1340 glandis.

109 1345 165 1413 Ipsi
183 1362 234 1413 per
252 1345 356 1400 medias
375 1349 445 1400 acics
464 1348 613 1414 insignibus
632 1349 680 1402 ulis
760 1401 762 1405 .

108 1420 233 1488 Ingentis
251 1423 353 1475 animes
372 1428 487 1490 angusto
505 1425 533 1476 in
551 1429 663 1492 pectore
681 1427 798 1491 versant,

109 1495 203 1566 Usque
220 1497 289 1551 adeo
308 1498 398 1552 obnixi
417 1516 471 1552 non
489 1499 595 1566 cedere,
613 1499 679 1553 dnm
697 1495 790 1568 gravis
804 1502 853 1552 aut
870 1499 920 1552 hos

109 1575 168 1626 Aut
186 1573 235 1627 hos
253 1591 332 1629 versa
350 1577 415 1644 fuga
433 1577 519 1630 vietor
538 1576 604 1630 dare
622 1580 701 1644 terga
720 1575 834 1642 subegit.
941 1588 963 1627 35

109 1649 147 1702 Hi
165 1653 256 1704 motus
274 1651 425 1705 animorum
444 1656 527 1722 atqm
546 1653 612 1705 haee
631 1653 778 1706 certamina
797 1653 875 1704 tanta

109 1725 232 1779 Pulveris
250 1727 341 1794 exigui
357 1729 431 1802 iactu
449 1745 603 1796 compressa
621 1729 770 1798 quiescunt.

143 1801 247 1854 Verum
265 1802 311 1855 ubi
330 1804 458 1857 ductores
476 1805 532 1857 acic
550 1805 718 1857 revocaveris
736 1803 823 1869 ambe,

109 1877 236 1932 Deterior
254 1879 301 1945 qui
319 1879 399 1947 visus,
418 1897 488 1947 eum,
506 1896 541 1933 ne
560 1880 690 1948 prodigus
709 1879 788 1945 obsit,

109 1953 187 2006 Dede
205 1955 279 2019 neci,
296 1955 392 2008 melior
410 1973 494 2008 vacua
512 1957 569 2008 siue
588 1960 684 2022 regnet
702 1956 729 2008 in
748 1955 816 2008 aula.
943 1957 965 1992 ⁹¹³

111 2029 191 2083 Alter
208 2031 261 2084 erit
280 2031 390 2084 maculis
410 2048 475 2084 auro
494 2030 681 2100 squalentibus
699 2030 813 2093 ardens;

110 2105 180 2159 Nam
199 2105 253 2159 duo
272 2110 335 2158 sunt
352 2123 461 2173 genera,
478 2106 522 2158 hic
540 2106 642 2172 melior,
661 2107 773 2173 insignis
791 2109 820 2158 et
838 2121 894 2172 ore,

110 2181 146 2234 Et
164 2182 251 2235 rutilis
269 2182 358 2234 clarus
376 2182 502 2249 squamis,
520 2182 566 2234 ille
583 2181 709 2234 horridus
728 2182 798 2234 alter

111 2257 222 2310 Desidia
240 2257 379 2326 latamque
397 2257 507 2310 trahens
525 2258 655 2324 inglorius
674 2258 770 2310 alvum.

111 2333 150 2386 Ut
167 2332 245 2386 binae
264 2350 359 2400 regum
377 2334 467 2399 iacies,
487 2334 527 2386 ita
545 2350 658 2402 corpora
677 2333 771 2403 plebis.
943 2346 966 2384 er

111 2409 235 2477 Namque
253 2409 321 2463 aliae
339 2414 434 2477 turpes
452 2409 571 2475 horrent,
591 2426 640 2462 eeu
658 2410 769 2478 pulvere
787 2411 822 2464 ab
839 2411 896 2465 alto
920 2403 925 2412 ’

111 2485 178 2538 Cum
197 2487 272 2539 venit
290 2490 319 2538 et
337 2486 406 2538 sicco
424 2489 526 2553 terram
546 2486 619 2553 spuit
638 2502 685 2538 ore
704 2487 791 2538 viator

112 2561 227 2626 Aridus;
246 2561 355 2614 elucent
372 2561 440 2614 aliae
459 2566 488 2614 et
506 2561 611 2628 fulgore
630 2566 779 2629 coruscant,

86 2657 87 2662 ¹
112 2637 250 2690 Ardentes
269 2653 335 2690 aure
352 2640 381 2690 et
399 2637 508 2706 paribus
527 2636 577 2689 lita
595 2654 707 2705 corpora
726 2640 822 2704 guttis.

113 2713 189 2766 Hace
206 2714 296 2784 potior
314 2712 436 2778 subolcs;
452 2713 515 2766 hinc
534 2707 602 2767 caeli
620 2716 742 2780 tempore
760 2717 834 2766 certo
928 2725 964 2766 ιω

112 2789 206 2843 Dulcia
222 2791 303 2845 mella
321 2807 436 2859 promes,
456 2807 505 2844 nec
523 2793 630 2843 tantum
651 2789 748 2852 dulcia,
767 2793 899 2857 quantum

112 2864 148 2917 Ilt
165 2864 268 2934 liquida
286 2872 314 2921 et
333 2867 430 2920 durum
451 2866 549 2920 Bacchi
568 2866 705 2918 domitura
723 2882 854 2934 saporem.
879 2874 883 2908 1

147 2944 187 2994 nt
205 2959 265 2995 cum
283 2945 387 2998 ineerta
406 2943 498 2996 rolant
517 2943 646 3011 caeloque
665 2943 788 2995 examina
806 2940 912 3006 ludunt,

113 3016 351 3088 Contemnuntque
370 3019 445 3072 favos
463 3022 492 3071 ct
511 3018 609 3085 frigida
627 3022 701 3071 tecta
719 3017 884 3092 relinquunt,

114 3091 252 3146 Instabilis
271 3095 373 3148 animos
391 3095 456 3146 ludo
475 3094 629 3162 prohibebis
647 3095 726 3148 inani.
929 3106 965 3146 105

115 3165 172 3222 Nee
189 3186 303 3240 magnus
321 3169 465 3236 prohibere
484 3169 574 3225 labor:
596 3174 624 3226 tu
643 3171 752 3238 regibus
771 3169 827 3223 alas
