2174 3502
116 157 164 205 242
359 156 388 205 P.
401 155 554 204 VERGILI
571 155 737 205 MARONIS

82 247 105 295 r,
117 234 211 299 Qualis
229 233 276 288 ubi
295 233 398 289 Oceani
415 236 543 304 perfusus
562 235 672 289 Lucifer
690 237 770 303 unda,

116 312 204 373 Quem
225 311 317 366 Venus
334 316 400 366 ante
418 312 485 365 alios
503 316 641 366 astrorum
659 312 751 380 diligit
767 312 847 381 ignis,
940 327 975 368 tae

115 387 224 441 Extulit
242 405 272 442 os
291 405 397 442 sacrum
416 389 491 442 caelo
509 388 693 456 tenebrasque
712 389 840 442 resolvit-

116 463 198 518 Stant
214 465 332 533 pavidae
349 465 377 517 in
396 466 481 517 muris
499 468 610 531 matres,
629 465 768 533 oculisque
786 411 943 534 seqduntur

116 540 279 594 Pulveream
297 540 398 594 nubem
417 547 446 594 et
463 541 596 608 fulgentis
614 557 679 594 aere
697 544 830 594 catervas„

115 615 170 669 Olli
187 633 238 685 per
255 617 360 684 dumos,
379 635 433 686 qua
451 634 584 686 proxuma
601 621 675 671 meta
692 617 806 685 viarum,

116 694 226 747 Armati
243 694 378 759 tendunt3
401 695 425 748 it
442 694 550 760 elamor,
568 697 598 747 et
616 694 723 761 agmine
740 693 814 746 laeto
935 711 971 749 aee

115 769 350 838 Quadrupedaute
368 774 478 839 putrem
497 770 587 824 sonitu
606 770 697 838 quatit
714 769 816 836 ungula
833 785 971 838 eampum.

115 845 166 899 llst
183 847 279 914 ingens
296 847 419 914 gelidum
437 847 513 900 luens
530 862 617 914 prope
636 845 753 899 Caeritis
770 862 887 912 amnem,

115 921 259 990 Religione
277 929 387 990 patrum
406 923 463 976 late
480 939 571 986 sacer;
588 921 710 989 undique
727 921 809 974 eolles

116 997 254 1051 lncluaere
272 999 329 1050 cavi
351 1005 380 1052 et
398 999 476 1066 nigra
493 1014 590 1051 nemus
607 997 699 1050 abiete
717 997 808 1064 cingit.

114 1073 223 1127 Silvano
240 1074 313 1126 fania
331 1078 375 1127 est
392 1074 494 1128 veteris
513 1090 634 1128 sacrasse
654 1073 790 1142 PelaagoS,
930 1088 969 1127 ooo

116 1151 253 1202 Arvorum
271 1151 431 1217 pecorisque
449 1150 509 1217 deo,
528 1150 674 1219 lucumque
692 1150 825 1217 diemque,

114 1225 167 1289 Qui
185 1226 266 1293 primi
284 1226 345 1278 finis
363 1226 509 1292 aliquando
527 1225 648 1283 habuere
667 1225 784 1278 Latinos.
826 1249 829 1256 ’

115 1303 198 1356 Haud
216 1303 310 1370 procul
327 1302 391 1354 hine
409 1303 514 1356 Tarcho
532 1305 561 1356 et
579 1302 710 1370 Tyrrheni
728 1305 790 1354 tuta
807 1301 943 1357 tenebant

114 1378 210 1432 Castra
228 1379 301 1446 lociS,
319 1379 446 1446 celsoque
464 1379 552 1432 ouinis
570 1378 605 1431 de
623 1379 694 1432 colle
708 1377 796 1430 videri

117 1455 174 1507 lam
191 1459 301 1524 poterat
318 1455 397 1522 legio,
415 1459 444 1508 et
461 1452 525 1508 latis
543 1453 677 1508 tendebat
694 1454 722 1506 in
740 1453 818 1506 arvis.
928 1469 967 1508 eos

116 1531 177 1583 Huc
193 1535 273 1598 pater
294 1533 402 1584 Aeneas
420 1535 449 1584 et
466 1531 538 1584 bello
556 1531 627 1584 lecta
644 1530 771 1583 iuventus

113 1606 274 1673 Succedunt,
292 1607 413 1674 fessique
432 1612 461 1660 et
478 1624 563 1675 equos
581 1610 611 1660 et
627 1622 742 1675 corpora
759 1608 864 1659 curant.

149 1682 187 1736 At
206 1682 300 1736 Venus
317 1683 454 1737 aetherios
472 1684 545 1736 inter
563 1683 616 1736 dea
633 1681 751 1736 candida
768 1681 876 1734 nimbos

113 1758 191 1812 Dona
207 1759 299 1812 ferens
317 1758 429 1822 aderat;
449 1764 602 1828 ¹natumque
620 1759 648 1812 in
666 1758 736 1810 vallo
754 1756 869 1810 reducta

113 1834 151 1888 Ut
168 1834 261 1902 procul
280 1839 309 1887 et
327 1835 419 1902 gelido
437 1839 573 1890 secretum
592 1834 703 1888 flumine
720 1834 796 1901 vidit,
926 1849 963 1888 cie

112 1910 221 1963 Talibus
238 1910 331 1962 adfata
349 1914 391 1963 est
409 1910 500 1977 dictis,
519 1927 604 1978 seque
621 1910 722 1963 obtulit
739 1909 826 1963 ultro:

112 1984 153 2036 En
170 1986 292 2052 perlecta
310 1987 363 2038 mei
382 1987 515 2053 promissa
533 1987 655 2053 coniugis
672 1990 732 2038 arte

112 2060 241 2125 Munera3
263 2078 299 2114 ne
317 2077 380 2114 mox
398 2066 447 2115 aut
466 2062 619 2129 Laurentis,
637 2065 709 2130 uate,
727 2061 867 2131 superbos,

112 2138 170 2187 Aut
188 2151 278 2188 acrem
297 2136 408 2191 dubites
426 2138 454 2190 in
471 2139 575 2205 proelia
593 2155 705 2207 poscere
723 2137 853 2190 Turnum.

111 2211 188 2264 Dixit
205 2214 234 2264 et
252 2212 393 2280 amplexus
412 2215 469 2266 nali
488 2214 624 2281 Cytherea
640 2214 755 2282 peruia
924 2229 961 2268 als

112 2286 196 2339 Arma
214 2286 264 2339 sub
283 2287 398 2340 adversa
416 2291 508 2357 posuit
526 2290 663 2344 radiantia
681 2305 792 2358 quercu.

109 2361 167 2426 llle,
186 2361 253 2414 deae
272 2362 351 2416 donis
370 2367 398 2416 et
417 2369 494 2418 tanto
513 2366 602 2419 laetus
620 2366 728 2432 honore,

109 2437 220 2504 Expleri
238 2437 334 2505 nequit
350 2442 435 2507 atque
454 2442 546 2495 oeulos
563 2459 613 2510 per
631 2441 738 2508 singula
755 2441 846 2508 volvit,

108 2513 281 2580 Miraturque
299 2513 426 2582 interque
445 2534 541 2570 uranus
560 2521 589 2572 et
607 2517 733 2570 bracchia
751 2521 842 2570 versat

108 2588 267 2642 Terribilem
288 2591 377 2644 cristis
395 2593 501 2658 galeam
519 2594 695 2661 flammasque
713 2594 875 2656 vomentem,
922 2607 959 2644 auo

108 2663 315 2733 Futilerumquo
334 2684 435 2736 ensem,
453 2668 564 2723 loricam
583 2686 617 2722 ex
635 2685 699 2722 aere
717 2669 859 2734 rigentem,

107 2740 296 2808 Sanguineam,
315 2743 464 2812 ingentem,
483 2746 571 2813 qualis
588 2761 651 2798 eum
669 2743 777 2798 caerula
793 2742 880 2794 nubes

107 2815 176 2868 Solis
193 2817 342 2871 inardescit
360 2819 446 2873 radiis
463 2821 597 2889 longeque
615 2821 734 2888 refulget
743 2841 750 2884 ;

106 2890 175 2944 Turn
194 2892 260 2945 levis
278 2909 372 2948 ocreas
390 2895 493 2950 electro
512 2914 632 2965 auroque
650 2899 766 2963 recocto,

107 2965 285 3034 Hastamque,
305 2973 334 3022 et
352 2971 431 3038 clipei
449 2989 504 3027 uon
522 2973 674 3027 enarrabile
693 2975 808 3027 textum.
920 2983 957 3024 aas

106 3038 167 3091 Illic
185 3058 229 3094 res
248 3043 334 3098 Italas
354 3047 593 3116 Romanorumque
611 3049 772 3119 triumphos

106 3111 191 3166 Haud
208 3121 300 3171 vatum
319 3121 431 3188 ignarus
448 3125 612 3191 venturique
630 3126 729 3180 inscius
747 3124 814 3190 aevi,

19 3196 74 3218 ·
105 3183 223 3242 lleeerat
241 3192 417 3262 Ignipotens;
440 3199 496 3252 illie
513 3195 600 3266 genus
618 3217 699 3255 omne
717 3201 827 3254 futurae
