2172 3506
10 161 12 232 l
331 165 513 230 AENEIDOS
529 167 600 216 LIB.
618 168 669 217 XI.
890 171 936 221 291

10 241 13 318 ξ
120 246 165 301 sie
184 246 224 299 ait
242 245 415 299 inlacrimans
433 247 584 314 recipitque
604 249 639 300 ad
658 249 751 305 limina
767 267 899 322 gressum,

10 311 12 354 i
82 325 189 391 Corpus
207 321 255 374 ubi
275 322 392 375 exanimi
411 323 529 391 positum
550 323 681 378 Pallantis
700 329 820 380 Acoetes
913 341 938 380 50

11 413 13 422 “
82 399 218 453 Servabat
206 399 334 465 tsenior,
354 399 400 466 qui
421 398 565 452 Parrhasio
585 400 712 454 Euandro

10 533 11 538 η
82 475 215 542 Armiger
233 477 297 528 ante
316 440 376 542 f'ua,
396 475 515 527 sednon
535 476 659 530 felicibus
678 495 764 546 aeque

10 621 11 624 Ἴ
81 553 151 605 ’lum
170 568 261 604 comes
279 551 406 620 auspiciis
424 568 486 604 caro
505 551 586 605 datus
604 554 662 607 ibat
683 555 797 608 alumno.

10 649 11 700 j
82 629 193 683 Circum
212 629 299 680 omnis
317 628 503 696 famulumque
521 645 617 682 manus
635 631 804 698 Troianaque
822 631 904 684 turba

10 771 12 778 Ι
82 704 119 758 nr
136 708 272 758 maestum
291 704 393 757 Iliades
411 705 513 758 crinem
532 705 661 759 demere
680 707 790 760 solutae.
912 723 936 760 as

84 782 122 835 Ut
139 799 204 835 vero
225 783 334 834 Aeneas
351 780 454 834 foribus
474 798 533 834 sese
552 781 646 835 intulit
664 783 734 849 altis,

10 923 11 928 Ἰ
85 856 228 925 Ingentem
247 857 381 925 gemitum
399 858 487 911 100515
505 859 541 911 ad
559 858 651 912 sidera
668 859 768 913 tollunt

85 934 251 998 Pectoribus,
269 937 428 1003 maestoque
446 935 566 1002 inmugit
585 936 661 1003 regia
679 935 762 989 luctu.

10 1009 11 1018 ’
85 1011 155 1078 lpse,
173 1014 256 1078 eaput
274 1010 346 1063 nivei
364 1010 462 1062 fultum
483 1010 614 1064 Pallantis
633 1015 662 1064 et
680 1028 728 1064 ora

85 1086 122 1140 Ut
141 1085 211 1139 vidit
228 1086 336 1154 levique
354 1089 451 1154 patens
470 1085 498 1138 in
516 1090 627 1154 pectore
645 1088 740 1140 volnus
848 1091 850 1096 '
911 1101 936 1139 lo

84 1162 210 1230 (iaspidis
229 1163 374 1229 Ausoniae,
392 1161 510 1215 lacrimis
528 1163 567 1216 ita
584 1163 659 1216 fatur
676 1163 793 1216 obortis:

84 1237 163 1303 Tene,
182 1239 279 1306 inquit,
298 1239 451 1291 miserande
469 1255 546 1306 puer,
563 1255 624 1291 cum
643 1238 716 1292 laeta
734 1237 847 1303 veniret,

84 1314 188 1367 Invidit
208 1315 329 1367 Fortuna
347 1314 421 1379 mihi,
438 1331 473 1366 ne
491 1331 577 1382 regna
594 1314 701 1368 videres

83 1390 192 1457 Nostra,
212 1407 300 1458 neque
318 1391 354 1443 ad
373 1390 453 1443 sedes
472 1391 560 1443 victor
578 1390 708 1444 veherere
726 1391 871 1458 paternas?

82 1467 145 1520 Non
163 1466 232 1520 haec
251 1467 378 1519 Euandro
398 1466 432 1519 de
452 1469 479 1520 te
498 1467 631 1534 promissa
649 1465 757 1534 parenti
919 1483 938 1520 rs

81 1542 235 1596 Discedens
253 1541 391 1610 dederam,
411 1558 535 1608 cumtme
553 1541 700 1610 conplexus
719 1543 828 1594 cuntem

81 1617 211 1671 Mitteret
228 1618 256 1670 in
274 1634 402 1685 magnum
420 1618 565 1685 inperium,
584 1622 764 1685 metuensque
782 1621 906 1671 moneret

83 1694 164 1747 Aeris
182 1710 242 1746 esse
259 1693 338 1758 viros,
358 1710 419 1746 cum
438 1694 507 1746 dura
524 1695 628 1762 proelia
645 1698 735 1762 gente.

82 1770 120 1822 Et
137 1786 208 1822 nunc
226 1769 272 1822 ille
290 1769 401 1837 quidem
420 1786 468 1836 spe
486 1769 602 1823 multum
621 1773 716 1838 captus
735 1770 806 1821 inani

83 1845 153 1899 Fors
170 1850 199 1899 et
218 1846 371 1913 001010011,
390 1846 564 1912 cumulatque
583 1846 680 1899 altaria
699 1845 791 1910 denis;
912 1860 936 1898 50

82 1922 141 1974 Nos
159 1921 283 1975 iuvenem
303 1921 457 1974 exanimum
475 1922 558 1974 01011
577 1923 630 1974 iam
649 1919 812 1974 caelestibus
830 1920 893 1972 ullis

82 1997 240 2050 Debentem
258 2013 327 2050 vano
346 1997 442 2049 maesti
462 1999 623 2050 comitamur
641 1997 749 2049 honore.

84 2073 192 2139 Infelix,
210 2073 268 2126 uati
286 2074 367 2125 10005
386 2072 496 2125 crudele
515 2073 634 2126 videbis!

84 2150 122 2202 Hi
142 2149 228 2202 nostri
243 2149 356 2215 reditus,
377 2149 583 2217 exspectatique
602 2149 750 2218 triumphi?

84 2227 162 2279 Haec
173 2242 235 2278 mea
246 2241 345 2292 magna
357 2225 442 2278 fidesl
457 2225 496 2277 At
508 2241 569 2290 non,
583 2225 720 2292 Euandre,
732 2225 869 2293 pudendis
912 2240 936 2278 55

83 2301 250 2354 Volneribus
267 2300 375 2368 pulsum
394 2301 525 2370 aspicies;
544 2318 593 2354 nec
612 2301 713 2369 sospite
730 2301 822 2357 dirum

84 2377 201 2446 Optabis
219 2381 283 2430 nato
301 2377 382 2430 funus
400 2381 486 2446 pater.
525 2379 579 2431 Hei
598 2378 672 2444 mihi,
692 2381 823 2446 quantum

10 2513 11 2516 Ἴ
85 2453 256 2506 Praesidium
280 2454 398 2506 Ausonia
418 2457 445 2506 et
464 2457 595 2521 quantum
616 2457 647 2506 10
665 2454 766 2522 perdis,
786 2455 860 2508 lule!

120 2530 197 2582 Haec
215 2529 261 2581 ubi
280 2528 399 2594 deflevit,
419 2529 477 2581 tolli
497 2529 652 2582 miserabile
670 2546 766 2594 corpus

85 2606 206 2673 inperat,
225 2609 253 2658 01
272 2608 330 2658 1010
348 2605 433 2658 100105
452 2623 484 2658 ex
505 2606 611 2672 agrnine
630 2604 717 2656 mittit
911 2611 936 2649 ⁶⁰

83 2681 160 2734 Mille
179 2681 257 2748 viros,
276 2682 322 2748 qui
342 2698 497 2749 supremum
517 2682 681 2733 comitentur
698 2678 836 2745 honorem,

84 2757 274 2824 Intersintque
293 2758 378 2824 patris
397 2757 521 2820 lacrimis,
541 2757 637 2809 solatia
654 2755 743 2808 luctus

82 2833 189 2900 leigua
206 2833 331 2900 ingentis,
351 2833 449 2886 misero
468 2832 517 2885 sed
536 2831 630 2885 debita
648 2831 727 2901 patri.

83 2908 170 2962 Haud
188 2925 284 2976 segnes
303 2908 348 2960 alii
367 2909 449 2960 cratis
468 2912 497 2961 01
514 2909 596 2961 molle
614 2908 746 2961 feretrum

83 2984 218 3038 Arbuteis
236 2987 337 3046 texunt
353 2984 437 3051 virgis
456 2987 484 3036 et
502 2984 602 3037 vimine
623 3000 734 3053 querno,
913 2995 937 3036 05

83 3061 305 3129 Exstructosqne
324 3063 398 3113 toros
417 3059 532 3112 obtentu
550 3061 654 3113 frondis
672 3058 837 3112 inumbrant.

82 3137 139 3190 Hic
157 3137 282 3190 iuvenem
301 3137 403 3204 agresti
423 3134 565 3188 sublimem
585 3135 714 3188 stramine
731 3137 849 3202 ponunt:

82 3212 199 3278 Qualem
216 3212 339 3278 virgineo
358 3212 512 3264 demessum
531 3211 627 3277 pollice
646 3209 740 3262 florem

62 3287 238 3362 ι)1211,

1073 203 1076 292 l
