2154 3518
117 155 149 202 12
351 151 380 200 Ρ.
400 150 552 198 VERGILI
570 150 735 198 MARONIS

117 230 194 284 Haec
210 230 263 286 tibi
281 247 389 298 semper
406 233 494 298 erunt,
512 233 542 283 et
559 247 621 284 cum
640 230 780 284 sollemnia
797 234 861 284 vota

115 307 273 360 Reddemua
292 306 434 374 Nymphis,
452 310 481 360 et
499 323 560 360 cum
578 305 755 360 lustrabimus
774 323 861 374 agros.
946 324 972 362 aa

113 383 186 436 Dum
204 383 268 450 iuga
285 383 387 435 montis
405 399 478 450 aper,
496 382 593 435 fluvios
612 382 677 436 dum
695 382 777 450 piscis
795 382 905 451 amabit,

113 458 240 527 Dumque
259 459 352 527 thymo
370 463 521 527 pascentur
538 475 611 525 apes,
631 459 696 511 dum
714 475 776 512 rore
795 458 911 527 cicadae,

113 535 226 603 Semper
239 534 323 588 honos
336 549 490 604 nomenque
502 539 581 588 tuum
594 535 745 603 laudesque
763 534 920 588 manebunt

113 611 153 664 Ut
172 611 278 664 Baccho
298 611 455 680 Cererique,
475 611 527 665 tibi
546 611 584 665 sic
602 614 667 664 vota
684 614 753 679 quot
770 611 848 664 annis

114 687 258 754 Agricolae
275 688 395 752 facient3
413 687 556 744 damnabis
574 691 605 740 tu
624 703 734 755 quoque
751 687 829 740 votis.
945 705 971 741 ao

147 763 204 816 Mo.
225 764 300 828 Quae
312 763 372 831 tibi,
386 780 456 830 quae
468 763 518 816 tali
531 763 647 816 reddam
660 779 709 831 pro
720 763 840 815 carmine
852 764 944 816 donat

113 838 183 892 Nam
201 856 290 908 neque
308 856 352 891 me
370 844 479 892 tantum
497 839 633 892 venientis
652 838 747 892 sibilus
764 838 858 905 austri,

113 915 170 968 Nec
187 932 316 984 percussa
334 916 429 967 iuvant
446 915 532 967 fluctu
549 918 606 967 tam
625 915 714 982 litora,
732 930 783 968 nec
800 930 870 982 quac

113 991 228 1045 Saxosas
246 993 319 1044 inter
338 991 487 1046 decurrunt
504 990 617 1044 flumina
634 990 725 1044 valles.

111 1068 167 1122 Me.
188 1069 249 1120 Hac
265 1073 295 1121 te
312 1084 362 1120 nos
380 1067 470 1134 fragili
490 1066 651 1120 donabimus
669 1071 733 1120 ante
751 1067 846 1120 cicuta
946 1086 970 1118 ss

113 1143 190 1198 Haec
207 1161 264 1210 nos,
284 1144 444 1196 Formosum
464 1143 588 1210 Corydon
607 1143 723 1196 ardebat
742 1143 862 1211 Alexim,

113 1221 190 1273 llaec
208 1220 304 1272 eadem
324 1219 425 1285 docuit,
445 1219 543 1271 Caium
561 1219 664 1286 pecual
684 1234 718 1271 an
737 1217 887 1272 Meliboei?

112 1296 170 1349 Mo.
184 1298 225 1349 At
236 1300 267 1349 tu
280 1312 356 1348 sume
368 1295 479 1363 pedum,
492 1295 574 1362 quod,
587 1311 631 1347 me
644 1311 705 1346 cum
718 1310 800 1361 saepe
812 1298 930 1362 rogaret,

112 1373 137 1424 N
140 1389 174 1424 on
192 1372 258 1425 tulit
277 1371 492 1438 Antigenes-et
511 1375 572 1424 erat
589 1374 649 1424 tum
668 1369 767 1437 dignus
785 1371 905 1423 arnari-

112 1447 271 1500 Ilorrnosum
289 1447 401 1514 paribus
419 1448 499 1500 nodis
517 1451 603 1515 atque
622 1463 694 1513 aare,
713 1446 847 1500 Menalca.
946 1463 971 1499 oo

402 1617 593 1674 nonoon
621 1618 680 1676 vr.
699 1613 799 1706 pce)

474 1732 607 1780 VARUS.

112 1833 208 1888 Pinna
227 1825 366 1905 Syracosio
384 1836 498 1904 dignata
517 1840 560 1890 est
578 1837 674 1892 ludere
692 1855 773 1892 versu
832 1899 835 1904 Δ

112 1909 212 1964 Nostra
229 1930 279 1967 nec
297 1913 409 1966 erubuit
428 1912 510 1966 silvas
529 1912 657 1966 habitare
676 1914 778 1967 Thalia.

111 1987 178 2040 Cum
197 2005 321 2042 canerem
338 2005 417 2056 reges
436 1991 465 2042 et
482 1989 593 2057 proelia,
613 1990 746 2057 Cynthius
765 2006 857 2044 aurem

111 2062 201 2128 Vellit,
220 2069 248 2119 et
267 2066 426 2120 admonuit:
448 2065 598 2134 Pastorem,
618 2066 719 2135 Tityre,
738 2066 848 2135 pinguis

111 2140 225 2194 Poscere
243 2146 352 2211 oportet
371 2142 435 2210 ovis,
454 2142 604 2196 deductum
624 2143 714 2196 dicere
733 2143 858 2196 carmen(
959 2159 970 2194 a

111 2215 136 2268 N
138 2233 190 2269 unc
203 2234 408 2286 ego-namque
421 2235 504 2286 super
516 2219 570 2270 tibi
582 2221 671 2282 erunt,
685 2219 733 2286 qui
748 2217 838 2271 dicere
850 2217 953 2284 laudes,

113 2291 193 2358 Vare,
211 2296 272 2346 tuas
290 2293 400 2362 cupiant
418 2295 448 2345 ot
465 2293 556 2345 tristia
574 2292 694 2345 condere
713 2293 822 2346 bella·-

112 2369 259 2435 Agrestem
278 2369 353 2422 tenui
371 2366 527 2420 meditabor
546 2367 679 2420 arundine
698 2367 815 2421 Musam.
832 2379 834 2386 ’

112 2444 137 2496 N
139 2461 173 2496 ou
185 2444 286 2496 iniussa
298 2460 371 2496 cano.
408 2442 436 2495 si
449 2442 511 2509 quis
523 2445 617 2494 tamen
629 2441 697 2495 haec
709 2459 826 2510 quoque,
840 2447 860 2498 si
875 2447 936 2514 quis

112 2520 215 2587 Captus
233 2536 325 2572 amore
342 2519 425 2586 leget,
445 2521 473 2571 tc
491 2522 609 2584 nostrae,
629 2517 711 2584 Vere,
731 2521 857 2587 myricae,
948 2537 970 2572 1)

26 2636 30 2648 .
112 2595 150 2648 'l'e
167 2612 262 2649 nemus
280 2612 359 2647 onrnc
379 2597 476 2660 eanet;
494 2611 545 2647 nec
565 2593 676 2646 Phoebo
696 2597 802 2662 gratior
821 2596 876 2648 ulla
894 2599 944 2661 est,

113 2673 199 2735 Quam
218 2670 268 2724 sibi
288 2687 357 2739 quae
377 2671 444 2723 Vari
463 2670 642 2738 praescripsit
661 2671 760 2738 pagina
779 2689 884 2726 nomen.

148 2748 264 2814 l'ergite,
285 2746 415 2799 Pierides.
454 2746 579 2800 Chromis
598 2749 627 2798 et
646 2746 784 2814 Mnasylos
802 2749 829 2800 in
849 2751 929 2800 alitro

113 2823 232 2876 Silenum
251 2824 328 2891 pueri
347 2839 440 2876 somno
460 2823 554 2876 videre
572 2823 715 2888 iacentem,

115 2899 242 2952 inflatum
261 2899 389 2952 hesterno
408 2897 497 2965 v'enas,
516 2904 549 2952 ut
567 2916 682 2968 semper,
702 2900 815 2952 Iaccho:

113 2975 193 3027 Serta
210 2974 305 3042 procul
323 2978 432 3028 tantum
451 2976 534 3044 capiti
554 2975 665 3042 delapsu
684 2975 817 3044 iacebant,

117 3050 150 3102 lit
168 3051 258 3117 gravis
276 3052 372 3105 attrita
389 3051 529 3119 pendebat
549 3051 696 3105 eantharns
715 3069 788 3106 ansa.

119 3125 347 3193 adgressi—nam
367 3144 449 3196 saepe
468 3145 550 3182 senex
569 3145 618 3197 spo
635 3130 761 3182 carminis
778 3128 859 3183 anibo

22 3251 33 3264 k
117 3200 390 3257 Luserat-inficiunt
408 3206 473 3273 ipsis
492 3223 526 3258 ex
546 3206 651 3259 vincula
671 3207 758 3261 sertia.

1046 3191 1074 3205 *-
