2174 3502
133 141 179 190 256
365 139 394 187 P.
412 135 565 186 VERGILI
582 135 746 186 MARONIS

134 219 293 288 inpediunt,
311 219 438 288 fallitque
456 219 539 273 timor
557 217 668 286 regione
686 218 798 272 siarum.

133 296 218 348 Nisus
236 293 310 360 abit;
333 295 441 364 iamque
458 294 608 363 inprudens
626 299 751 348 evaserat
768 295 857 349 hostis

135 372 231 439 Atque
248 372 329 438 locos,
348 372 395 440 qui
412 375 475 440 post
495 369 583 424 Albae
601 371 764 424 denomino
782 371 850 425 dieti

135 447 244 515 Albani,
263 453 323 504 tum
341 464 391 500 rex
409 447 517 500 stabula
534 447 591 502 alta
609 447 724 500 Latinus
742 447 879 502 habebat:

135 524 175 578 Ut
193 524 280 592 stetit,
297 527 326 578 et
341 523 445 577 frustra
461 523 604 577 absentem
622 523 744 591 respexit
761 525 887 578 amicum.

135 601 253 668 Euryale
270 600 373 668 infelix,
391 616 446 667 qua
463 603 492 654 te
510 600 622 668 regione
639 599 758 667 reliquii
950 616 988 654 ano

136 677 230 741 Quave
249 693 355 746 sequar,
372 691 468 730 rursus
485 676 646 744 perplexum
664 675 718 730 iter
735 692 815 729 omne
833 675 979 730 revolvens

137 753 252 807 Fallacia
269 754 372 808 silvael
403 752 490 806 Simul
508 755 537 806 et
554 753 671 819 vestigio
688 755 763 805 retro

137 829 290 884 Observata
307 828 382 896 legit,
401 829 545 897 dumisque
563 827 706 884 silentibus
724 832 806 882 errat.

137 906 227 960 Audit
245 921 337 974 equos,
356 905 435 959 audit
452 905 583 972 sirenibus
601 908 631 959 et
649 905 727 972 signa
744 907 917 972 sequentmn.

136 982 162 1036 N
164 998 195 1035 ec
210 983 320 1050 longum
334 982 363 1034 in
379 981 469 1034 medio
485 985 602 1050 tempus,
614 997 676 1034 eum
688 980 789 1034 elamor
803 981 839 1033 ad
852 981 927 1033 auris
947 995 985 1034 aaa

138 1058 275 1126 Pervenit,
286 1075 318 1112 ac
332 1057 408 1111 videt
423 1057 571 1125 Euryalum
579 1078 586 1122 ;
607 1073 690 1126 quem
707 1058 761 1110 iam
777 1073 874 1109 manus
888 1055 985 1123 omnis,

137 1135 247 1189 Fraude
264 1135 316 1188 loci
334 1137 365 1187 et
381 1134 475 1202 noctis,
494 1133 585 1186 subito
602 1132 732 1188 turbante
750 1133 878 1196 tumultu,

137 1211 304 1280 Oppressum
321 1210 394 1279 rapit
412 1213 440 1264 et
458 1212 600 1263 conantem
618 1210 735 1278 plurima
752 1208 861 1262 frustm

138 1287 210 1352 Quid
227 1288 326 1341 saciati
350 1303 404 1354 qua
421 1286 448 1338 vi
464 1286 597 1353 iuvenem,
616 1283 716 1354 quibus
733 1285 834 1338 audeat
852 1285 937 1338 armis

138 1364 269 1432 Eriperel
292 1380 327 1417 an
345 1379 405 1416 sese
423 1362 527 1415 medios
544 1361 693 1415 moriturus
709 1361 737 1413 in
755 1377 834 1414 enses
946 1375 985 1412 roo

138 1441 249 1499 Inferet.
268 1444 297 1494 et
313 1438 454 1507 pulchram
471 1441 601 1506 properet
618 1453 669 1504 per
686 1437 796 1490 volnera
813 1438 948 1490 morteml

137 1511 219 1568 Ocius
237 1516 355 1568 adducto
372 1518 503 1582 torquens
521 1513 619 1566 hastile
636 1512 746 1581 lacerto,

137 1592 288 1658 Suspicione
306 1590 390 1643 altam
408 1589 445 1643 ad
464 1589 574 1656 Lunam,
593 1589 632 1644 sie
648 1606 713 1644 voce
730 1591 872 1657 precatur:

136 1668 182 1732 Tu,
201 1666 258 1729 dea,
277 1671 309 1720 tu
326 1682 456 1735 praesens
473 1669 568 1720 nostro
586 1681 712 1719 succurre
729 1663 824 1730 labori,

136 1743 384 1807 Astrorunr'decus
398 1746 426 1795 et
443 1758 584 1794 nemorum
603 1741 719 1812 Latonia
735 1743 842 1804 custos;
946 1757 983 1796 aes

136 1820 164 1874 si
182 1836 236 1886 qua
253 1819 309 1873 tuis
327 1835 456 1886 umquam
474 1835 524 1885 pro
542 1834 585 1870 me
603 1822 683 1885 petor
701 1816 839 1884 Hyrtacus
857 1817 913 1871 aris

135 1897 213 1948 Dona
231 1895 302 1962 tulit,
321 1895 343 1948 si
362 1911 416 1962 qua
434 1894 493 1961 ipse
511 1894 578 1946 meis
596 1893 740 1947 venatibus
757 1893 828 1960 arrisi,

135 1973 302 2040 suspendive
320 1971 403 2033 tholo,
421 1974 469 2023 aut
487 1986 564 2023 saera
581 1970 618 2023 ad
635 1969 745 2036 fastigia
762 1969 809 2022 fixi
818 1990 825 2034 ;

135 2050 217 2102 Hunc
235 2049 293 2101 sine
309 2064 353 2101 me
369 2047 482 2100 turbare
496 2046 615 2113 globum,
630 2048 659 2099 et
674 2062 740 2112 rege
755 2045 813 2104 tela
827 2061 878 2113 per
894 2062 984 2100 auras.

135 2124 256 2191 Dixerat,
275 2128 304 2178 et
322 2128 380 2178 tote
398 2123 528 2177 connixus
545 2138 657 2190 corpore
674 2121 776 2174 ferrum
945 2137 984 2174 uo
1079 2145 1081 2150 ¹

135 2201 256 2255 Goniieit.
294 2201 384 2254 Haste
401 2199 494 2252 volans
512 2197 600 2250 noctis
618 2197 775 2251 diverberat
791 2195 912 2264 umbras,

134 2276 171 2329 Et
188 2277 263 2330 venit
280 2275 368 2329 aversi
386 2275 414 2328 in
434 2279 542 2342 tergum
561 2273 704 2339 Sulmonis,
722 2272 818 2341 ibique

134 2357 289 2423 Frangitur,
308 2373 339 2408 ac
357 2357 421 2408 fisso
439 2356 538 2409 transit
555 2354 716 2422 praecordia
733 2353 813 2421 ligno.

134 2433 261 2485 Volvitur
279 2432 325 2485 ille
343 2448 454 2484 vomens
472 2431 590 2484 calidum
609 2431 644 2484 de
661 2433 772 2498 pectore
789 2429 891 2484 flumen

134 2507 270 2576 Frigidus,
290 2512 319 2562 et
335 2507 424 2575 longis
442 2506 606 2575 singultibus
623 2506 670 2559 ilia
687 2507 785 2573 pulsnt.
944 2523 984 2563 41⁵

137 2585 242 2638 lliversi
260 2583 488 2652 circumspiciunt.
525 2583 586 2636 Hoc
603 2583 691 2635 aerior
708 2582 782 2635 idem
1083 2583 1085 2598 ⁴

138 2661 203 2713 licce
222 2660 297 2714 aliud
316 2677 421 2713 summa
437 2660 523 2712 telum
541 2657 660 2712 librabat
678 2657 713 2711 ab
731 2674 803 2712 auro.

137 2737 207 2789 llum
225 2736 374 2804 trepidant,
392 2735 425 2788 iit
442 2735 521 2788 hasta
539 2735 612 2802 Tago
629 2750 680 2802 per
696 2736 806 2801 tempus
823 2739 983 2804 utrumque,

133 2811 266 2875 Stridens,
284 2811 455 2876 traiectoque
472 2809 561 2863 haesit
578 2810 716 2877 tepefacta
732 2809 851 2863 cerebro.

133 2887 226 2940 Saevit
243 2890 324 2940 atrox
342 2886 482 2951 Volsoeus,
499 2902 550 2938 nec
566 2885 616 2938 teli
634 2885 765 2952 conspicit
782 2902 898 2952 usquam
945 2902 984 2941 me
1084 2931 1085 2936 ,

133 2963 292 3030 Auctorem,
310 2979 360 3015 nec
379 2979 432 3032 quo
451 2978 480 3014 se
497 2961 598 3014 ardens
614 2961 755 3015 inmittere
772 2961 865 3029 possit.

133 3035 174 3086 'lu
191 3038 284 3089 tamen
302 3037 409 3091 interea
427 3036 515 3089 calido
532 3036 598 3087 mihi
617 3037 747 3104 sanguiue
764 3053 866 3106 poenas

133 3107 277 3164 Persolves
295 3113 443 3179 amborum,
462 3112 567 3179 inquit3
591 3111 672 3164 simul
689 3129 753 3166 ense
770 3113 877 3166 recluso

132 3181 197 3235 Ibat
214 3182 243 3236 in
262 3187 416 3256 Euryalum.
451 3187 519 3242 Turn
537 3188 602 3242 r'ero
619 3189 776 3268 exterritus,
794 3205 897 3258 emens,
