2174 3502
361 123 545 171 AENEIDOS
562 122 632 172 LIB.
655 121 733 170 VIII.
929 127 972 171 231

120 205 158 256 llt
176 219 262 268 mare,
281 201 356 270 quod
374 217 462 269 snpra,
481 204 602 262 teneant,
620 201 748 269 quodque
767 201 854 255 adluit
871 203 948 256 inira.

121 279 229 348 Accipe
247 279 338 345 daque
356 277 447 330 fidem.
484 278 553 330 Sunt
571 277 648 330 nobis
665 277 748 330 fortia
765 277 837 331 bello
940 292 977 332 100

120 357 248 422 Pectora,
267 358 331 407 sunt
349 354 430 406 animi
449 357 478 407 et
496 353 578 407 rebus
597 358 721 422 spectata
738 355 872 407 iuventus.

120 430 241 483 Dixerat
260 430 376 484 Aeneas.
414 430 465 482 Ille
483 447 512 482 os
530 431 676 498 oculosque
694 430 831 498 loquentis

121 505 290 560 Iamdudum
308 510 337 560 et
355 510 443 561 totum
462 507 597 560 lustrabat
614 507 715 560 lumine
733 523 838 575 corpus.

120 583 192 636 Tum
211 584 250 636 sic
267 601 353 652 pauca
369 584 467 638 refert:
488 584 528 637 Ut
545 587 581 650 tc,
600 584 748 636 fortissime
766 584 907 650 Teucrum,

121 660 239 728 Accipio
258 661 448 728 adgnoscoque
466 659 565 714 libens!
585 664 616 712 ut
634 660 719 712 rerba
737 661 859 727 parentis
942 675 977 714 100

120 736 160 788 Et
177 753 273 788 vocem
293 737 428 790 Anchisae
445 740 537 804 magni
555 737 712 803 voltumque
730 736 870 788 recordor!

122 811 196 864 Nam
214 813 324 866 memini
344 813 480 866 Hesionae
498 814 630 866 visentem
648 830 733 879 regna
751 813 849 865 sororis

122 888 374 942 Laomedontiaden
394 890 539 957 Priamum,
558 890 693 943 Salamina
710 893 858 958 petentem,

123 963 254 1018 Protinus
274 967 409 1018 Arcadiae
426 966 531 1033 gelidos
549 967 666 1020 invisere
684 966 752 1019 finis

121 1041 193 1094 Tum
210 1041 277 1094 mihi
294 1043 381 1110 prima
398 1059 482 1109 genas
500 1043 619 1096 vestibat
636 1043 703 1095 flore
720 1043 845 1106 iuventa;
941 1055 977 1094 100

4 1109 6 1176 ζ
33 1122 36 1128 ’
122 1116 302 1185 Mirabarque
320 1118 403 1170 duces
421 1119 545 1184 Teucros,
564 1118 684 1172 mirabar
702 1121 731 1172 et
748 1119 837 1186 ipsum

123 1193 388 1259 Laomedontiaden3
406 1194 456 1247 sed
473 1195 577 1248 cunctis
595 1195 676 1248 altior
693 1195 751 1248 ibat

123 1270 268 1322 Anchises.
305 1270 372 1322 Mihi
391 1287 468 1324 mens
484 1271 602 1324 iuuenali
619 1269 734 1323 ardebat
751 1287 843 1324 amore

123 1345 296 1413 Compellare
313 1347 408 1413 virum,
427 1350 455 1400 et
474 1347 589 1400 dextrae
608 1347 771 1413 coniungere
790 1347 930 1410 dextra1n3

124 1421 244 1487 Accessi,
264 1425 292 1474 ct
309 1422 423 1488 cupidus
443 1422 544 1475 Phenei
563 1422 614 1476 sub
632 1422 739 1474 moenia
757 1421 830 1475 duxi.
941 1437 977 1475 1110

124 1497 179 1550 1110
196 1497 263 1550 mihi
280 1497 412 1564 insignem
429 1499 587 1564 pharetram
606 1497 756 1566 Lyciasque
774 1499 888 1565 sagittas

124 1573 278 1626 Discedens
297 1573 520 1642 chlamydemque
540 1591 605 1627 auro
624 1575 701 1628 dedit
718 1574 902 1640 intertextam,

126 1649 270 1716 Frenaque
287 1648 357 1717 bina,
375 1667 451 1704 meus
470 1667 539 1718 quae
557 1668 627 1704 nunc
646 1650 737 1717 habet,
756 1667 845 1714 aurea,
865 1651 957 1704 Pallas.

127 1725 199 1792 llrgo
217 1729 253 1792 et,
270 1743 351 1793 quam
369 1727 469 1794 petitis,
487 1727 578 1780 iuncta
596 1730 639 1780 est
656 1727 722 1780 mihi
741 1727 852 1780 foedere
871 1727 973 1790 dextra,

125 1801 170 1866 Et,
188 1801 234 1852 lux
253 1802 449 1870 cumprimum
468 1803 550 1855 terris
569 1820 599 1856 se
615 1804 734 1857 crastina
752 1803 859 1869 reddet,
940 1815 976 1854 170

125 1876 238 1929 Auxilio
254 1877 340 1930 laetos
358 1877 503 1944 dimittam,
523 1879 674 1947 opibusque
691 1879 796 1932 iuvabo,

57 1981 64 1990 ·
125 1953 238 2006 Interea
257 1969 333 2006 sacra
351 1954 424 2020 haec,
443 1954 552 2021 quando
569 1955 621 2008 huc
638 1955 752 2012 venistis
769 1955 855 2020 amici,

126 2030 233 2096 Annua,
252 2046 322 2097 quae
340 2029 449 2082 differre
467 2031 551 2096 nefas,
570 2030 705 2084 celebrate
723 2030 846 2082 faventes

125 2104 282 2172 Nobiscum,
300 2105 488 2160 etiamnunc
506 2107 638 2158 sociorum
657 2105 809 2172 adsuescite
827 2103 933 2158 mensis.

162 2181 238 2234 Haec
254 2180 301 2234 ubi
319 2182 398 2248 dieta,
417 2181 501 2249 dapes
520 2181 597 2234 iubet
615 2184 643 2234 et
661 2181 768 2233 sublata
785 2180 880 2248 reponi
941 2194 976 2234 110

128 2258 234 2326 Pocula,
251 2258 444 2326 gramineoque
462 2258 534 2310 viros
553 2259 624 2312 locat
641 2258 700 2326 ipse
718 2255 803 2320 sedili,

128 2335 360 2402 Praecipuumque
378 2337 438 2386 toro
457 2336 485 2386 et
503 2335 589 2386 villosi
607 2334 678 2402 pelle
695 2333 780 2386 leonis

127 2411 236 2477 Accipit
256 2413 376 2476 Aenean,
395 2410 515 2479 solioque
532 2411 631 2463 invitat
648 2426 752 2464 acerno.

126 2486 403 2540 Γ1111111001110101]οε
421 2487 547 2540 certatim
567 2503 684 2554 araeque
704 2485 832 2539 sacerdos

128 2563 238 2616 Viscera
249 2565 322 2616 testa
333 2563 425 2616 ferunt
436 2566 583 2629 taurorum,
596 2565 764 2628 onerantun
781 2561 906 2614 canistris
941 2574 977 2612 rso

127 2639 207 2691 Dona
224 2638 363 2692 laboratae
383 2638 497 2705 Cereris,
517 2638 707 2704 Bacchumque
725 2636 889 2690 ministrant.

129 2715 256 2768 Vescitur
275 2716 383 2769 Aeneas
401 2714 480 2767 simul
498 2717 527 2768 et
546 2714 659 2766 Troiana
677 2713 803 2766 iuventus

127 2790 258 2860 Perpetui
275 2796 353 2859 tergo
370 2791 448 2844 bovis
466 2794 496 2844 et
514 2788 673 2842 lustralibus
691 2789 770 2842 extis

162 2867 311 2936 Postquam
323 2871 452 2935 exempta
464 2868 548 2919 fames
561 2871 589 2919 et
600 2882 675 2918 amor
688 2879 856 2932 compressus
868 2861 976 2935 edendi,

127 2943 188 2997 Rex
207 2943 350 2996 Errandrus
368 2945 420 2996 ait:
440 2943 500 2995 Non
519 2943 586 2996 haec
604 2941 743 2994 sollemnia
761 2938 845 3004 nobis,
939 2952 976 2991 res

128 3019 188 3073 Has
206 3037 240 3072 ex
258 3036 334 3073 more
353 3021 444 3088 dapes,
463 3019 532 3072 hanc
549 3019 619 3072 tanti
638 3016 755 3070 numinis
773 3029 854 3066 aram

127 3095 206 3149 Vana
224 3096 381 3164 superstitio
399 3099 577 3162 vetenmrque
594 3097 689 3160 ignara
706 3091 820 3144 deorum

128 3171 263 3240 Inposuit:
283 3173 378 3237 saevis,
394 3171 493 3237 hospes
511 3170 633 3232 Troiane,
652 3165 761 3232 periclis
