2172 3506
378 155 564 206 AENEIDOS
580 156 651 204 LIB.
669 156 720 205 XI.
933 159 977 206 301

126 239 191 295 Non
208 239 263 294 erit
281 237 381 292 auxilio
398 237 476 292 nobis
496 237 611 291 Aetolus
629 241 659 292 et
677 236 759 304 Arpi:

127 318 171 371 At
188 315 332 382 Messapus
350 313 410 380 erit,
428 312 548 381 felixque
567 312 732 377 Tolumnius,
752 314 780 365 et
798 329 866 380 quos

126 392 180 445 Tot
197 391 290 460 populi
308 389 406 441 misere
424 387 522 453 duces3
540 404 589 442 nec
607 404 692 455 parva
709 393 839 454 sequetur
944 400 980 440 aa

127 467 221 520 Gloria
238 466 358 518 delectos
377 465 455 518 Latio
473 469 502 518 et
521 462 704 517 Laurentibus
723 463 804 530 agris.

127 543 178 596 Est
196 546 224 595 et
243 540 402 594 Volscorum
422 541 532 608 egregia
551 540 585 592 de
604 542 688 607 gente
707 538 828 606 Camilla,

127 622 237 686 Agman
254 633 338 685 agens
355 617 477 684 equitum
496 621 525 669 et
542 615 664 670 florentis
682 632 745 669 aero
762 619 892 670 catervas.

14 701 16 708 '
127 694 208 759 Quod
225 693 248 747 si
266 711 310 747 me
327 693 413 746 solum
432 692 528 744 Teucri
546 693 573 744 in
592 692 741 746 certamina
757 695 880 759 poscunt,

127 771 217 840 quue
234 771 331 839 placet,
349 773 511 836 tantumque
529 767 607 821 bonis
626 767 813 821 communibus
830 767 917 835 obsto,
942 783 978 822 ea

126 845 189 898 Non
207 847 276 900 adeo
293 847 342 900 has
360 861 441 898 exosa
459 861 555 898 manus
573 844 697 897 Victoria
714 844 791 913 frigit,

126 922 166 975 Ut
184 925 263 976 tanta
281 922 425 990 quiequam
444 937 493 989 pro
513 938 561 990 spe
579 924 716 989 temptare
734 937 864 974 recusem.

127 997 178 1049 Ibo
196 997 292 1050 animis
310 1001 411 1065 contra,
429 997 473 1050 vel
490 1013 619 1064 magnum
637 999 761 1064 praestet
780 996 905 1050 Achillen

126 1073 266 1140 Factaque
283 1073 396 1128 Volcani
414 1074 539 1128 manibus
556 1073 633 1142 paria
650 1073 746 1126 induat
762 1088 839 1125 arma

127 1147 178 1201 llle
196 1147 269 1219 licet.
305 1150 391 1204 Vobis
409 1151 526 1204 animam
544 1149 613 1202 hane
632 1166 778 1218 soceroque
798 1147 896 1201 Latino
941 1163 976 1200 ere

125 1224 233 1278 Turnus
250 1243 309 1294 ego,
327 1226 400 1280 haud
417 1227 465 1280 ulli
484 1230 607 1280 veterum
626 1226 728 1288 virtute
747 1223 889 1292 secundus,

124 1300 234 1354 Devov'a
271 1301 383 1355 “Selium
402 1303 511 1356 Aeneas
529 1301 628 1354 vocat.”
665 1301 702 1353 Et
720 1305 798 1354 vocet
816 1315 878 1362 ero;

124 1377 151 1428 N
154 1393 184 1428 ec
204 1377 324 1430 Drances
342 1378 439 1448 potius,
458 1379 515 1432 sive
534 1381 576 1430 est
594 1377 661 1430 hacc
678 1377 720 1428 ira
738 1375 860 1441 deorum,

124 1451 217 1506 Morte
235 1453 300 1522 luat,
319 1454 375 1508 sive
394 1458 437 1508 est
454 1455 542 1508 virtus
560 1456 589 1507 et
606 1453 701 1520 gloria,
721 1452 807 1506 tollat.

162 1528 205 1582 llli
224 1529 292 1582 haec
308 1530 381 1584 inter
398 1549 427 1584 se
446 1531 537 1584 dubiis
556 1530 591 1583 de
608 1529 690 1582 rebus
708 1528 827 1597 agebant
941 1541 977 1579 aa

125 1605 286 1660 Certantes:
310 1608 401 1660 eastra
419 1609 528 1659 Aeneas
546 1606 685 1673 aciemque
702 1605 835 1659 movebat.

124 1680 246 1734 Nuntius
263 1682 367 1750 ingenti
384 1699 434 1750 per
452 1682 527 1750 regia
545 1685 618 1735 tecta
635 1682 756 1736 tumultu

124 1755 195 1810 Ecce
212 1759 275 1823 ruit,
294 1759 452 1827 magnisque
469 1757 566 1812 urbem
584 1758 735 1812 terroribus
752 1759 849 1826 inplet:

125 1832 279 1887 Instructos
296 1835 354 1888 acie
372 1834 498 1888 Tiberino
515 1852 532 1889 a
549 1833 660 1890 flumine
678 1835 796 1888 Teucros

123 1908 345 1979 Tyrrhenamque
364 1927 472 1964 manum
490 1912 557 1965 totis
576 1911 743 1966 descendere
760 1909 868 1978 campis.
939 1925 975 1964 450

125 1985 270 2054 Extemplo
288 1987 393 2040 turbati
410 1988 493 2040 animi
510 2004 694 2055 concussaque
713 1988 783 2054 volgi

124 2060 246 2129 Pectora,
265 2066 294 2116 et
311 2067 434 2116 arrectae
453 2063 571 2116 stimulis
590 2062 663 2114 haud
681 2062 807 2114 mollibus
826 2061 889 2115 irae.

126 2139 212 2189 Arma
228 2154 309 2192 manu
328 2138 429 2207 trepidi
447 2143 577 2208 poscunt3
596 2138 689 2192 fremit
707 2155 782 2190 arma
799 2137 933 2207 iuventus,

123 2211 204 2266 Fient
222 2214 319 2267 maesti
336 2219 514 2284 mussantque
530 2219 630 2282 patres.
668 2213 722 2267 Hie
737 2213 858 2282 undique
872 2213 972 2268 clamor

126 2288 258 2342 Dissensu
276 2291 349 2344 vario
366 2308 481 2358 magnus
499 2309 528 2343 se
546 2291 619 2345 tollit
637 2290 673 2343 ad
691 2307 784 2344 auras:
936 2307 972 2346 aas
1072 2303 1077 2316 ·

93 2365 209 2471 >tHaud
228 2382 305 2418 secus
323 2371 406 2435 atque
428 2367 483 2420 alto
501 2368 529 2419 in
548 2368 608 2421 luce
626 2383 688 2419 cum
706 2367 777 2420 ferte
794 2370 919 2422 catervae

125 2439 280 2494 Consedere
299 2443 397 2508 avium,
416 2443 555 2510 piscosove
573 2460 652 2496 amne
673 2443 797 2496 Padusae

126 2515 195 2569 Dant
213 2517 330 2571 sonitum
348 2519 422 2572 rauci
441 2536 491 2586 per
509 2522 605 2586 stagna
622 2519 745 2586 loquacia
762 2519 878 2588 cycniq

123 2591 217 2660 Immo,
235 2594 280 2662 ait,
298 2612 315 2647 o
332 2595 412 2662 cives,
431 2599 541 2664 arrepto
560 2599 683 2663 tempere
702 2594 814 2659 Turnus,

122 2667 217 2734 Cogite
236 2670 384 2738 concilium,
404 2676 433 2725 et
450 2688 544 2740 pacem
561 2671 672 2724 laudate
692 2670 830 2724 sedentes:
938 2684 972 2723 cea

122 2742 168 2796 Illi
185 2746 267 2799 armis
285 2747 311 2800 in
331 2763 416 2816 regna
433 2751 522 2801 ruant.
561 2748 586 2800 N
589 2764 619 2800 ec
637 2747 715 2815 plura
732 2745 837 2798 locutus

121 2818 261 2888 Corripuit
279 2839 338 2876 sese
357 2829 386 2876 et
404 2825 484 2877 tectis
502 2825 574 2876 citus
593 2823 691 2876 extulit
709 2823 779 2876 altis.

120 2894 168 2962 Tu,
187 2895 297 2964 Voluse,
314 2901 413 2952 armari
433 2899 593 2953 Volscorum
612 2899 689 2952 edice
707 2896 845 2964 maniplis:

97 2969 101 2976 ’
120 2970 187 3039 Duc,
204 2972 251 3040 ait,
269 2977 298 3026 et
317 2974 440 3030 Rutulos.
476 2976 611 3044 Equitem,
631 2976 781 3045 Messapus,
800 2976 827 3026 in
844 2972 935 3040 aunis,

119 3046 235 3102 Etcum
254 3050 339 3104 fratre
359 3052 449 3114 Coras,
469 3051 532 3104 latis
551 3051 697 3105 diffundite
716 3051 825 3119 campis
934 3063 969 3099 res

119 3121 188 3176 Pars
205 3124 297 3178 aditus
315 3126 392 3180 urbis
410 3127 509 3192 firrnet,
528 3129 666 3195 turrisque
684 3129 821 3194 capessat3

119 3197 227 3267 Cetera,
245 3216 300 3266 qua
318 3202 397 3268 iusso,
416 3218 521 3255 meeum
540 3218 635 3254 numus
654 3202 753 3254 inferat
771 3217 852 3256 anna.
