2174 3502
298 201 303 210 .
396 153 473 200 AEN
476 153 582 202 EIDOS
598 153 668 204 LIB.
686 155 737 204 IX.
950 146 997 194 253

143 233 302 301 Contigerit
319 233 423 299 victori,
441 237 471 288 et
487 235 606 302 praedae
624 235 716 290 dicere
733 239 849 290 sortem:

142 309 259 378 Vidisti,
277 325 331 377 quo
350 308 456 362 Turnus
473 326 552 378 equo,
570 311 746 380 quibus‘ibat
763 312 791 364 in
809 309 890 364 aroris

143 386 273 450 Aureus3
295 385 485 452 ipsum'illum‚
503 386 619 454 clipeum
637 388 789 456 cristasque
807 385 932 439 rubentis
959 397 995 437 aro

143 461 289 530 Excipiam
308 461 383 528 sorti,
401 461 456 514 iam
473 478 545 516 nunc
561 465 611 516 tua
628 464 756 532 praemia,
775 463 802 516 N
804 462 851 518 ise.

144 537 296 591 Praeterea
312 537 354 589 bis
374 553 423 590 sex
439 538 548 604 genitor
565 539 713 592 lectissima
730 542 851 593 matrum

144 613 270 683 Corpora
287 615 462 682 captivosque
479 614 565 681 dabit,
583 631 686 684 suaque
704 615 829 669 omnibus
846 628 936 678 anna;

144 691 266 759 insuper
282 691 333 757 his,
351 691 440 759 campi
459 691 533 758 quod
550 708 601 745 rex
618 691 702 745 habet
718 692 776 761 ipse
794 692 915 746 Latinus.
988 695 992 706 '

143 766 185 820 Te
202 783 275 833 vero,
294 783 355 820 mea
372 783 454 835 quern
471 768 569 836 spatiis
586 767 758 836 propioribus
775 771 851 822 aetas
957 781 993 823 275

145 842 313 910 Insequitur,
331 842 485 896 venerande
502 859 578 911 puer,
595 844 649 896 iam
667 846 778 910 pectore
795 847 855 897 toto

144 918 260 985 Accipio
277 922 306 971 et
323 918 451 970 comitem
468 935 547 972 casus
563 919 719 987 conplector
736 919 765 972 in
782 919 876 973 omnis.

145 993 231 1046 Nulla
247 994 315 1048 meis
332 994 391 1046 sine
408 997 438 1047 te
456 1001 602 1062 qrueretur
619 995 706 1062 gloria
723 995 821 1060 rebus3

144 1068 200 1122 Seu
220 1085 314 1137 pacem
332 1085 381 1123 seu
399 1070 471 1123 bella
486 1086 589 1137 geram,
606 1071 657 1124 tibi
675 1088 802 1124 maxuma
819 1087 911 1124 rerum

145 1145 356 1212 verborumque
373 1145 449 1198 fides.
485 1147 589 1199 Contra
605 1164 687 1215 quern
705 1147 771 1202 talia
787 1149 861 1202 fatur
956 1161 992 1200 aso

144 1221 293 1288 Euryalus:
317 1221 364 1274 Me
382 1222 457 1275 nulla
474 1222 535 1276 dies
552 1227 609 1276 tarn
627 1222 744 1276 fortibus
762 1223 835 1276 ansis

144 1297 312 1349 Dissimilem
329 1298 467 1364 arguerit3
491 1302 596 1352 tantum
616 1299 724 1352 fortuna
741 1299 861 1351 secunda

147 1372 232 1425 Haud
249 1372 364 1426 adversa
380 1374 470 1427 cadat.
507 1375 562 1427 Sed
580 1379 609 1428 te
628 1391 710 1441 super
728 1375 817 1426 omnia
835 1374 907 1426 dona

145 1449 238 1502 Unum
257 1465 316 1502 oro:
341 1450 467 1516 genetrix
487 1450 589 1504 Priami
607 1451 642 1502 de
661 1456 743 1516 gente
760 1453 869 1502 vetusta

145 1525 198 1578 list
215 1524 289 1587 mihi,
308 1542 390 1594 quam
408 1527 535 1579 miseram
553 1527 642 1580 tenuit
660 1541 713 1578 non
732 1525 785 1578 llia
806 1524 887 1578 tellus
956 1539 991 1578 rso

144 1601 256 1654 Mecum
273 1601 458 1668 excedentem,
477 1618 530 1654 non
548 1602 655 1656 moenia
671 1602 744 1670 regis
763 1603 889 1654 Acestae.

145 1677 226 1730 Hane
243 1694 293 1744 ego
311 1693 382 1730 nune
398 1678 521 1745 ignaram
539 1677 619 1731 huius
631 1679 821 1746 quodcumque
840 1678 934 1746 pericli
949 1681 991 1732 cst

146 1752 235 1821 Inque
254 1753 398 1807 salutatam
416 1753 524 1822 liuquo;
548 1755 610 1806 Nox
628 1759 657 1808 et
675 1758 723 1808 tua
740 1755 820 1808 testis

145 1827 277 1895 Dextera,
296 1828 369 1897 quod
387 1846 520 1896 nequeam
539 1829 664 1882 lacrimas
682 1831 803 1898 perferre
822 1830 950 1897 parentis

148 1905 187 1966 At
204 1908 243 1972 tu,
262 1920 316 1972 oro,
335 1905 421 1958 solare
439 1905 554 1972 inopem,
573 1908 602 1958 et
620 1922 746 1959 succurre
764 1905 883 1958 relictae.
957 1920 993 1957 rao

145 1980 226 2034 Hanc
243 1981 301 2034 sine
318 1997 362 2034 me
379 1997 455 2048 spem
473 1981 546 2034 ferre
564 1981 618 2035 tui:
643 1982 788 2034 audentior
806 1980 850 2033 ibo

145 2056 180 2109 ln
198 2072 277 2110 casus
294 2058 388 2110 omnis.
424 2056 556 2111 Percussa
573 2061 665 2110 mente
683 2057 785 2109 dedere

145 2131 321 2186 Dardanidae
337 2132 475 2196 lacrimas;
498 2136 563 2185 ante
580 2133 666 2185 omnis
684 2132 796 2199 pulcher
814 2132 898 2198 Iulus,

145 2211 242 2275 Atque
259 2209 379 2262 animum
396 2208 504 2276 patriae
522 2208 634 2261 strinxit
652 2208 765 2276 pietatis
782 2207 880 2274 imago.

144 2283 214 2336 Tum
233 2284 272 2338 sic
289 2283 400 2336 effatur:
957 2298 992 2338 aas

144 2359 256 2428 Sponde
274 2359 357 2426 digna
374 2359 430 2410 tuis
447 2358 603 2425 ingentibus
621 2359 712 2412 omnia
729 2359 840 2428 coeptis.

145 2436 273 2503 Namque
291 2435 344 2488 erit
361 2434 415 2487 ista
433 2434 498 2486 mihi
515 2435 649 2502 genetrix,
667 2451 820 2504 nomenque
839 2435 957 2488 Creusae

144 2510 239 2565 Solum
257 2511 382 2578 deluerit,
401 2526 451 2562 neo
468 2515 576 2576 partum
594 2511 684 2578 gratia
701 2511 785 2564 talem

145 2587 235 2640 Parva
253 2589 354 2640 manet.
390 2585 476 2639 Casus
492 2586 596 2639 lactum
614 2586 780 2654 quicumque
798 2590 956 2653 sequentur,

146 2663 201 2716 Per
218 2665 300 2729 eaput
317 2663 368 2716 hoe
385 2661 452 2728 iure,
471 2678 521 2730 per
539 2662 612 2728 quod
630 2664 709 2730 pater
726 2666 790 2715 ante
808 2662 926 2716 solebat:
955 2677 992 2715 ooo

144 2738 222 2802 Quae
239 2737 291 2792 tibi
308 2737 436 2807 polliceor
453 2737 547 2791 reduci
565 2737 702 2806 rebusque
720 2737 852 2802 secundis,

145 2815 225 2867 Haec
242 2814 338 2867 eadem
356 2813 492 2879 matrique
509 2818 574 2867 tuae
592 2813 741 2881 generique
758 2814 915 2866 manebunt.

145 2889 191 2942 Sic
208 2889 248 2942 ait
265 2889 451 2951 inlacrimans;
475 2889 586 2942 humero
605 2889 685 2942 simul
704 2889 781 2942 exuit
799 2905 899 2954 ensem,

145 2965 291 3030 Auratum,
309 2965 378 3018 mira
396 2980 476 3032 quern
494 2965 597 3019 iecerat
615 2970 675 3018 arte
694 2965 800 3032 Lycaon

146 3041 263 3094 Gnosius
280 3045 363 3110 atque
381 3038 500 3092 habilem
518 3041 615 3107 vagina
633 3042 741 3108 aptarat
760 3039 870 3091 eburna.
956 3055 991 3095 uos
1085 3059 1086 3078 i

146 3116 203 3172 Dat
220 3117 288 3170 Niso
307 3115 468 3170 Mnestheus
486 3117 585 3184 pellem
603 3115 794 3180 horrentisque
812 3114 898 3168 leonis

129 3194 279 3258 ‚Exuviw
302 3193 408 3264 galeam
426 3189 498 3246 fidus
515 3193 655 3261 permutat
673 3187 777 3243 Aletes.
