2152 3506
355 141 561 192 GEORGIOON
580 146 648 194 LIB.
668 147 716 196 IV.
936 151 961 201 81

108 221 224 277 Inferias
244 221 347 291 Orphei
366 223 488 276 Lethaea
507 241 643 294 papavera
662 228 762 296 mittes,
929 245 963 284 aa

106 301 144 353 Et
161 300 265 366 nigram
282 300 417 353 mactabis
439 318 524 370 orem,
545 302 689 372 lucumque
707 306 821 372 revises3

106 377 247 430 Placatam
267 377 419 445 Eurydicen
441 379 526 432 vitula
545 381 710 434 venerabere
728 398 813 437 caesa.

143 454 228 507 Haud
246 471 337 522 mora;
357 457 483 510 continuo
505 457 599 510 matris
618 463 764 528 praecepta
782 461 905 526 facessit3

108 533 157 585 Ad
174 531 288 584 delubra
305 533 386 602 venit,
409 538 574 587 monstratas
594 537 696 588 excitat
714 553 781 602 aras,

108 609 244 672 Quattuor
263 610 375 662 eximios
394 612 547 679 praestanti
566 629 677 681 corpore
696 616 788 665 tauros
926 629 963 666 cao

107 686 196 754 Ducit,
215 690 244 739 et
261 687 365 740 intacta
386 686 502 742 totidem
523 691 626 743 cervice
644 690 774 742 iuvencas.

108 763 182 830 Post,
200 763 247 815 ubi
265 782 335 817 nona
355 782 416 818 auos
438 767 545 820 Aurora
564 767 709 819 induxerat
728 769 811 833 ortus,

109 839 223 892 inferias
243 839 345 910 Orphei
366 842 459 909 mittit,
479 843 623 912 lucumque
642 843 741 896 revisit.

41 970 44 976 ,
109 915 163 968 Hic
179 934 244 971 vero
264 918 384 971 subitum
403 935 434 972 ac
453 919 528 973 dictu
548 920 671 973 mirabile
689 923 839 972 monstruni

110 995 260 1062 Aspiciunt,
279 995 426 1063 liquefacta
444 995 525 1049 boum
543 1013 593 1065 per
612 998 714 1050 viscera
731 999 790 1049 toto
926 1008 961 1048 aaa

109 1061 315 1141 Stridcre'apes
333 1075 412 1125 utero
431 1077 460 1126 et
477 1075 565 1142 ruptis
584 1073 714 1127 effervere
732 1073 821 1138 costis,

110 1153 304 1218 Inmensasque
323 1149 394 1202 trahi
412 1149 505 1218 nubes,
522 1151 630 1219 iamque
649 1150 746 1203 arbore
764 1165 869 1202 smnma

110 1227 252 1280 Confluere
272 1230 300 1278 et
318 1226 399 1278 lentis
418 1241 498 1277 uvam
518 1225 665 1278 demittere
683 1227 770 1278 ramis.
786 1241 796 1294 j
862 1271 876 1278 ..

96 1349 120 1404 il
144 1381 221 1434 Haec
239 1396 319 1445 super
337 1395 462 1432 arvorum
481 1379 556 1431 cultu
573 1395 754 1447 pecorumque
772 1381 901 1432 canebam

109 1459 146 1511 Et
164 1472 247 1524 super
264 1454 412 1520 arboribus,
432 1455 531 1506 Cacsar
549 1454 613 1508 dum
625 1471 738 1521 magnus
753 1454 788 1506 ad
803 1455 887 1508 altum
923 1473 959 1509 cco

110 1533 247 1587 Fulminat
265 1530 423 1598 Euphraten
443 1529 521 1594 bello,
540 1531 679 1600 victorque
698 1531 812 1584 volentis

110 1609 163 1662 Per
180 1608 294 1678 populos
313 1605 361 1658 dat
378 1607 444 1675 iura,
463 1607 588 1676 viamque
607 1607 728 1660 adfectat
747 1607 867 1677 Ohmpo.

110 1687 161 1740 Ilio
180 1685 331 1752 Vergilium
350 1701 394 1737 mc
413 1688 535 1753 ternpore
555 1684 641 1739 dulcis
660 1683 750 1736 aiebat

110 1765 289 1829 Parthenope,
309 1761 405 1812 studiis
425 1761 567 1816 florentem
585 1761 709 1830 ignobilis
728 1761 774 1826 oti,
810 1797 812 1800 -

111 1841 236 1894 Carmina
253 1838 300 1905 qui
316 1837 368 1889 lusi
385 1841 531 1904 pastorum,
550 1839 693 1906 audaxque
711 1837 827 1903 iuventa,
921 1855 957 1892 sca

111 1917 209 1985 Tityro,
227 1916 256 1967 te
273 1914 383 1980 patulae
401 1913 484 1964 cecini
502 1914 552 1966 sub
570 1915 689 1982 tegmine
707 1912 808 2034 scay
837 1932 959 2022 mk·
