2154 3518
384 143 738 194 ascomannorum.
833 121 845 152 ⁶
979 145 993 188 a

141 227 207 281 Pars
225 225 362 293 Scythiam
380 228 410 279 et
427 224 554 293 rapidum
573 223 673 280 Cretae
690 224 830 278 veniemus
848 222 951 290 Oaxen,

140 304 174 357 llt
191 302 300 372 penitus
317 305 377 355 toto
396 301 496 355 divisos
514 301 580 355 orbe
600 301 754 355 Britannos.

139 381 180 434 En
198 395 327 446 umquam
345 379 448 446 patrios
466 377 546 444 longo
563 381 626 446 post
643 380 769 443 tempore
786 376 855 442 finis,

138 453 271 524 Pauperis
289 457 318 508 et
335 453 430 522 tuguri
447 458 606 520 congestum
623 454 743 522 caespite
761 452 875 518 culmen,

139 534 206 586 Post
223 530 333 600 aliquot,
352 547 413 585 mea
430 547 515 597 regna
532 529 635 597 videns,
653 529 774 582 mirabor
791 529 910 582 aristaei
968 542 993 582 to

141 609 243 678 [mpius
261 607 328 662 haec
346 611 404 661 tam
422 607 495 660 culta
512 605 619 659 novalia
635 605 714 659 miles
733 602 867 658 lrabebitl

141 686 276 740 Barbarus
293 684 343 738 lias
361 685 488 752 segetesl
507 698 548 748 en,
566 697 620 750 quo
639 681 776 735 discordia
793 681 858 735 civis

139 762 272 816 Produxit
289 759 418 814 miseros!
437 776 479 828 en,
497 758 558 827 quis
575 757 745 812 consevimus
762 761 858 825 agros!

137 838 232 892 Insere
250 854 327 904 nunc,
347 835 488 903 Meliboee,
506 836 588 904 piros,
606 849 676 903 poue
694 833 790 888 ordine
807 833 878 886 ritis.

137 914 183 969 Ite
199 931 283 981 meae,
301 913 367 966 felix
385 912 521 980 quondam
539 926 629 979 pecus,
647 911 687 964 ite
705 910 831 978 capellae.
966 921 992 963 ta

137 989 199 1044 Non
217 1006 267 1058 ego
286 1006 332 1042 vos
350 989 470 1056 posthae,
488 987 569 1042 viridi
586 987 724 1055 proiectus
742 986 770 1040 iu
788 989 876 1054 antro,
992 1021 1018 1082 ἱ

138 1066 394 1135 Dumosapendere
411 1065 505 1134 procul
523 1066 559 1118 de
576 1081 645 1133 rupe
663 1061 780 1128 videbo;

137 1143 263 1196 (lanuina
279 1143 353 1195 nulla
370 1159 477 1207 canam;
495 1159 556 1209 non,
573 1159 617 1196 me
635 1142 772 1208 pascente,
790 1139 917 1208 capellae,

140 1220 292 1276 llorentem
310 1219 424 1286 cytisum
442 1223 470 1272 et
488 1219 582 1272 salices
600 1216 717 1285 carpetis
736 1231 847 1269 amarae.

142 1294 169 1348 T.
188 1295 242 1348 Hie
254 1298 345 1348 tamen
357 1295 426 1347 hauc
437 1311 543 1347 meeum
553 1298 664 1362 poteras
676 1293 848 1360 requiescere
860 1293 970 1344 noctem

139 1370 248 1423 Fronde
265 1387 347 1439 super
365 1370 461 1423 viridi:
485 1373 548 1422 sunt
560 1369 638 1421 uobis
655 1368 733 1421 mitia
751 1383 838 1435 poma,
966 1381 991 1418 st

137 1446 288 1500 Castaneas
304 1446 406 1512 molles,
425 1449 453 1498 et
470 1445 558 1513 pressi
575 1443 652 1512 copia
669 1443 764 1507 laetis;
840 1443 843 1447 '

137 1523 173 1577 lit
197 1523 252 1577 iam
269 1538 374 1575 summa
391 1521 482 1588 procul
500 1520 624 1574 villarum
642 1519 759 1572 culmina
775 1518 889 1584 fumant,

137 1600 310 1668 Maioresque
327 1598 428 1653 eadunt
445 1597 508 1652 altis
526 1597 562 1652 de
579 1597 716 1652 montibus
734 1593 853 1651 umbrae.

439 1807 625 1906 aenean
657 1803 783 1914 uffa·

488 1957 629 2006 ALEXIS.

124 2056 296 2114 'lloauosuu
314 2064 409 2127 pastor
427 2059 552 2128 Corydon
569 2059 684 2114 ardebat
702 2060 820 2127 Alexim,

137 2136 253 2190 Delicias
271 2135 382 2200 domini,
400 2151 458 2201 nec,
477 2135 544 2203 quid
562 2139 692 2203 speraret,
710 2136 837 2190 habebat.

136 2214 253 2267 Tantum
270 2212 343 2265 inter
361 2209 466 2274 densas,
484 2210 612 2264 umbrosa
629 2212 774 2278 cacumina,
792 2212 869 2280 fagos

138 2289 262 2344 Adsidue
280 2286 415 2340 veniebat.
452 2285 497 2339 Ibi
514 2286 581 2340 haec
598 2287 737 2341 incondita
754 2289 826 2341 solus

135 2363 276 2418 Montibus
294 2367 323 2417 et
340 2364 413 2417 silvis
432 2363 523 2417 studio
541 2363 660 2417 iactabat
679 2364 767 2416 iuaui:
974 2376 988 2417 a

170 2441 193 2494 Ο
212 2440 329 2494 erudelis
349 2439 438 2508 Alexi,
456 2439 523 2493 nihil
540 2457 602 2493 mea
619 2441 738 2493 carmina
756 2442 854 2494 curasl

135 2517 182 2571 Nil
199 2517 286 2570 nostri
303 2518 452 2570 misererel
471 2517 540 2569 mori
557 2533 602 2569 me
621 2516 739 2584 denique
759 2533 846 2583 coges.

137 2594 214 2647 Nunc
232 2595 315 2647 etiam
332 2593 452 2660 pecudes
468 2593 579 2646 umbras
598 2595 627 2646 et
644 2591 745 2659 frigora
763 2595 890 2659 captant;

135 2671 213 2723 llmrc
230 2670 325 2723 viridis
343 2669 425 2722 ctiam
443 2669 580 2722 occultant
597 2667 703 2736 spineta
719 2669 843 2733 lacertos,

134 2746 269 2814 'l'hestylis
287 2748 316 2799 et
333 2745 429 2813 rapido
446 2744 524 2797 fessis
542 2742 706 2798 messoribus
725 2747 803 2797 aestu
963 2754 989 2796 ιο

135 2823 209 2876 Allia
226 2822 426 2890 serpyllumque
443 2820 544 2873 herbas
562 2820 705 2874 contundit
723 2821 828 2872 olentis.

135 2899 175 2951 At
192 2914 299 2951 mecum
317 2899 412 2962 raucis,
426 2901 475 2950 tua
492 2896 558 2949 dum
576 2897 692 2962 vestigia
709 2895 804 2962 lustro,

112 2973 197 3028 ''Sole
215 2973 266 3026 sub
283 2973 392 3026 ardenti
410 2975 538 3026 resonant
556 2971 668 3025 arbusta
686 2971 792 3024 cicadis.

135 3049 231 3104 Nonne
249 3050 302 3103 fuit
320 3049 405 3103 satius
423 3049 510 3102 tristis
530 3047 706 3114 Amaryllidis
723 3048 777 3099 iras

135 3127 229 3194 Atque
247 3124 365 3194 superba
381 3124 440 3194 pati
457 3123 585 3178 fastidiat
603 3139 693 3175 nonne
711 3121 863 3190 Menalcan,
963 3133 988 3174 ιε

136 3201 264 3268 Quamvis
281 3201 326 3254 illc
344 3202 429 3269 niger,
448 3201 570 3268 quamvis
589 3211 620 3252 tu
638 3197 770 3251 candidus
788 3201 882 3252 essesl
