2152 3506
114 186 142 233 38
340 182 368 226 Ρ.
394 177 543 226 VERGILI
561 177 729 227 niueosm·

113 264 283 332 Adloquitur
296 261 403 316 Venus:
426 261 449 314 O
463 262 510 331 qui
522 279 567 316 res
578 261 774 332 hominumque
787 263 936 335 deumque

113 342 243 395 Aeternis
261 339 333 406 regis
351 339 469 406 inperiis
489 343 519 392 et
536 339 649 392 fulmine
668 343 762 409 terres,
941 361 979 401 aas

113 416 185 482 Quid
203 432 280 469 meus
300 419 408 468 Aeneas
427 415 455 466 in
474 418 503 468 te
521 417 692 470 committere
712 421 826 483 tantum,

113 493 185 558 Quid
205 493 288 544 Troes
305 496 429 560 potuere,
448 491 554 560 quibus,
574 495 617 545 tot
635 492 731 546 funcra
748 495 841 562 passis,

113 571 234 624 Ounctns
253 568 289 621 ob
309 567 419 621 Italiam
437 572 574 621 terrarum
594 569 732 622 clauditur
750 570 838 624 orbisl

71 645 195 702 fleerte
213 645 276 697 hine
296 644 431 696 Romanos
450 643 521 711 olim,
541 644 713 699 volventibus
732 647 814 712 annis,

114 724 186 778 Hine
204 724 262 775 sore
281 719 416 787 ductores,
436 724 562 774 revocato
581 739 597 774 a
616 724 748 790 sanguine
767 721 873 791 Teucri,
943 741 982 782 ms

114 802 165 865 Qui
184 817 266 866 mare,
286 799 332 866 qui
350 801 439 851 terras
458 800 530 850 omni
550 798 656 852 dicione
674 805 807 862 tenerent,

116 877 261 938 Pollicitus,
280 891 350 944 quac
368 879 405 943 te,
423 874 538 942 genitor,
559 877 695 929 sententia
713 877 811 928 vertiti

116 955 175 1008 Hoc
193 953 320 1021 equidem
340 967 464 1004 oceasum
483 951 579 1004 Troiae
598 952 741 1022 tristisque
759 953 851 1004 ruinas

115 1030 233 1096 solabar,
251 1027 314 1081 fatis
333 1027 468 1080 contraria
486 1028 543 1080 fata
560 1027 730 1096 rependerim
1065 1005 1066 1066 i

114 1105 139 1159 N
142 1123 193 1158 unc
212 1104 307 1158 eadem
326 1105 436 1158 fortuna
453 1105 524 1158 viros
543 1109 586 1156 tot
605 1105 712 1158 casibus
730 1110 803 1158 acics
1065 1067 1066 1146 i

116 1182 281 1250 Insequitur.
319 1180 405 1244 Quem
424 1180 473 1233 das
492 1180 581 1247 finem,
600 1197 647 1233 rex
667 1197 773 1248 magno,
792 1180 940 1236 laborum?

116 1262 240 1314 Antenor
258 1257 355 1326 potuit,
375 1255 473 1309 mediis
492 1257 600 1326 elapsus
621 1258 739 1326 Achivis,
861 1325 865 1331 ι

117 1337 236 1403 illyricos
255 1337 401 1403 penetrare
420 1333 494 1386 sinus
513 1337 596 1402 atque
615 1334 711 1386 intima
729 1337 804 1387 tutus

117 1414 212 1478 ltegna
232 1411 419 1477 Liburnorum,
439 1414 467 1462 et
485 1411 589 1462 fontem
610 1427 739 1478 superare
759 1409 871 1478 Timavi,

117 1488 196 1540 Unde
214 1505 262 1554 por
281 1504 328 1538 ora
347 1503 442 1539 novem
463 1491 540 1538 vasto
559 1503 619 1538 cum
639 1503 779 1539 murmure
798 1487 899 1538 mentis
940 1502 978 1540 ass

118 1565 145 1618 lt
163 1579 237 1615 mare
255 1567 417 1630 proruptum
437 1567 465 1614 ct
484 1562 581 1630 pelago
601 1562 700 1630 premit
719 1578 784 1615 arva
801 1561 917 1615 sonanti.

117 1641 170 1694 Hie
188 1643 280 1691 tamen
298 1638 345 1690 ille
363 1638 459 1692 urbem
481 1639 575 1692 Patavi
595 1639 730 1707 sedesque
748 1639 846 1692 locavit

116 1717 288 1781 Teucrorum,
308 1718 336 1767 et
354 1715 429 1782 genti
448 1732 545 1769 nemen
565 1715 643 1769 dedit
662 1733 792 1784 armaque
810 1715 870 1767 fixit

116 1792 202 1856 Troia,
221 1808 292 1843 nunc
310 1791 417 1860 placida
436 1796 580 1860 conpostus
599 1810 665 1862 pace
686 1792 814 1860 quiescit:

117 1869 142 1921 N
145 1884 181 1934 es,
200 1871 247 1920 tua
265 1868 416 1935 progenies,
438 1869 505 1921 caeli
524 1869 623 1937 quibus
643 1868 740 1921 adnuis
759 1885 856 1932 arcem,
936 1884 977 1923 250

117 1943 244 2007 Navibus,
264 1943 417 1998 infandum!
439 1945 552 2011 amissis,
572 1944 651 1997 unius
670 1944 704 1996 ob
724 1945 791 1996 iram

118 2019 262 2072 Prodimur
280 2025 362 2088 atque
384 2020 459 2073 italis
478 2019 558 2088 longe
578 2020 759 2088 disiungimur
778 2020 838 2073 oris.

118 2096 172 2149 Hic
189 2097 299 2164 pietatis
317 2097 417 2149 bonosi
440 2098 477 2149 sic
496 2113 544 2149 nos
563 2097 591 2149 in
611 2102 719 2165 sceptra
737 2095 861 2164 reponisl

153 2171 204 2225 Olli
224 2173 366 2225 subridens
385 2173 524 2226 hominurn
543 2178 617 2227 sator
635 2178 718 2240 atquc
737 2173 850 2226 deorum

81 2249 102 2300 l*
116 2242 209 2315 Voltir,
229 2245 281 2315 qu'b
300 2248 402 2302 caelum
422 2252 655 2319 tempestatesque
674 2251 789 2316 serenat,
935 2265 974 2304 256

118 2325 216 2377 Oscula
233 2324 329 2377 libavit
347 2329 435 2392 natae,
455 2324 553 2379 dehinc
572 2327 638 2380 talia
656 2327 741 2380 fatur:

120 2397 307 2470 Parce'mct'ii,
323 2401 466 2468 Cytherea,
486 2407 597 2456 manent
617 2404 720 2455 inmota
738 2407 847 2455 tuorum

119 2477 187 2529 Fata
205 2476 268 2530 tibi:
289 2493 383 2530 cernes
402 2478 499 2531 urbem
518 2483 547 2531 et
565 2481 696 2547 promissa
716 2478 810 2531 Lavini

119 2553 233 2620 Moenia,
252 2553 451 2624 sublimemque
469 2556 540 2608 feres
559 2556 595 2608 ad
614 2556 704 2608 sidera
723 2553 788 2608 caeli

119 2630 321 2697 Magnanimum
342 2635 470 2698 Aenean,
487 2649 576 2703 neque
594 2649 638 2686 me
657 2632 792 2685 sententia
810 2630 901 2682 vertit.
935 2643 972 2683 aco

121 2707 173 2759 llio
186 2707 349 2760 tibi-fabor
362 2711 441 2772 enim,
455 2710 563 2778 quande
576 2709 643 2762 haee
655 2713 684 2763 te
697 2725 762 2762 cura
774 2705 921 2770 remordet,

120 2783 236 2850 Longius
255 2786 283 2836 et
302 2783 412 2837 volvens
431 2787 548 2838 satorum
567 2803 664 2839 arcana
682 2783 830 2838 movebo-

119 2859 226 2913 Bellum
244 2859 340 2928 ingens
358 2866 436 2928 geret
457 2862 538 2914 ltalia
556 2862 724 2932 populosque
742 2859 840 2913 ferocis

120 2935 283 3002 Oontundet,
301 2952 445 3004 moresque
465 2938 529 2989 viris
548 2941 576 2989 et
594 2939 700 2989 moenia
718 2940 807 3005 ponet,

120 3009 212 3062 Tertia
230 3010 296 3062 dum
315 3011 393 3063 Latio
412 3016 572 3078 regnantem
591 3012 691 3063 viderit
710 3015 808 3076 aestaS,
935 3024 974 3066 tte

121 3083 262 3151 Ternaque
281 3087 440 3138 transierint
460 3084 570 3137 Rutulis
589 3085 702 3137 hiberna
720 3085 846 3138 subactis.

123 3158 162 3208 At
179 3174 247 3222 puer
266 3162 407 3226 Ascanius,
426 3161 469 3212 cui
487 3177 557 3210 nuno
576 3175 723 3224 cognomen
744 3158 804 3212 Iulo

124 3229 345 3293 Additur,—llus
363 3239 431 3302 erat,
450 3234 515 3284 dum
534 3248 578 3283 res
597 3233 674 3285 stetit
695 3234 745 3285 Ilia
762 3250 882 3300 regno—
