2152 3506
359 160 435 209 AEN
441 159 543 208 aluos
560 159 629 210 LIB.
648 158 670 208 Ι.
909 159 940 208 89

85 242 216 311 Triginta
233 257 346 310 magnos
363 241 503 294 volvendis
522 240 660 295 mensibus
678 238 751 296 orbis

87 319 203 388 lnpon'o
221 317 351 385 explebit,
368 311 539 386 regnumque
557 318 592 371 ab
611 317 677 370 sede
695 315 789 369 Lavini
907 329 943 372 27⁰

86 395 258 458 'transferet
276 398 305 447 et
323 394 430 461 longam
449 395 534 448 multa
552 394 578 448 vi
597 395 702 447 muniet
721 393 828 449 Albam.

41 471 62 515 s
62 469 83 540 7
89 471 149 525 Hic
166 472 220 540 iarn
239 475 282 523 ter
300 473 410 523 contum
428 473 502 524 totos
519 470 679 558 regnepitur
697 486 780 522 annos

89 547 185 600 Gente
203 546 254 599 sub
275 547 420 614 Hectorea,
438 547 525 600 donec
543 564 638 613 regma
656 545 782 599 sacerdos

91 624 186 676 olane
203 624 294 690 gravis
310 623 445 689 geminam
464 627 547 693 partu
565 622 642 675 dabit
662 623 714 675 Ilia
731 622 843 691 prolem.

92 699 167 753 Inde
184 698 265 767 lupae
283 699 355 750 fulvo
373 699 487 752 nutricis
505 699 626 766 tegmine
644 699 732 752 iactus
910 711 945 750 275

94 775 229 828 Romulus
247 775 364 854 excipiet
382 778 499 842 gentem,
519 778 548 827 ct
567 775 703 829 Mavortia
720 775 821 828 condet

93 851 206 904 Moenia
225 851 415 918 Romanosque
434 868 482 904 suo
501 852 536 903 de
554 839 672 904 nomi'n'e'
681 851 761 904 dicet.

96 928 150 980 His
168 944 218 996 ego
237 945 286 980 nec
304 931 392 980 uictas
409 944 502 980 rerum
519 944 569 980 nec
587 931 711 996 tempora
728 944 814 996 pono;

96 1004 238 1072 inperium
257 1005 315 1057 sine
333 987 388 1056 ᾗῇ
405 1004 476 1057 dodi.
516 1005 587 1069 Quin
605 1021 701 1072 aspera
721 1004 797 1067 inno,

95 1080 174 1143 Quae
186 1097 262 1133 mare
274 1096 344 1133 nunc
358 1085 499 1148 terrasque
512 1085 587 1134 metu
599 1081 758 1148 caelumque
770 1079 877 1148 fatigat,
912 1091 948 1127 eso

96 1156 217 1210 tlrorrsilia
234 1157 262 1209 in
279 1157 377 1210 melius
394 1158 503 1224 reseret,
522 1174 683 1225 mecumque
701 1143 849 1210 fovebit*

97 1231 244 1299 Romanos,
262 1249 354 1286 rerum
373 1233 503 1300 dominos,
520 1238 685 1304 gentcmfflpe
704 1237 832 1301 togatam.

97 1309 142 1361 Sic
160 1309 298 1377 placitum.
335 1309 436 1361 Veniet
454 1310 547 1362 lustris
565 1309 720 1363 intuentibus
738 1313 821 1373 actas,

98 1386 168 1438 Cum
187 1384 284 1437 doinus
303 1385 431 1437 Assaraci
452 1385 578 1438 Phthiam
597 1386 737 1453 clarasque
756 1385 885 1452 Mycenas

99 1462 217 1515 Servitia
235 1465 342 1529 premet
360 1477 391 1513 ac
409 1461 487 1514 victis
506 1461 691 1515 dominabitur
711 1462 801 1529 Argis.
915 1473 951 1511 ass

101 1538 236 1590 Nascetur
255 1536 367 1604 pulchra
386 1537 517 1590 Troianus
535 1538 638 1605 origine
659 1538 764 1604 Caesar,

104 1614 242 1681 inperium
262 1613 377 1679 Oceano,
396 1613 495 1666 famam
515 1613 562 1682 qui
582 1615 713 1667 terminet
731 1614 818 1678 astris,

105 1691 196 1756 lulius,
215 1707 231 1742 a
248 1705 347 1756 iriagno
366 1690 515 1742 demissum
533 1708 631 1744 nomen
652 1689 719 1744 Iulo

105 1766 184 1818 Hunc
202 1771 233 1820 tu
252 1766 315 1842 oiim
334 1766 416 1833 caclo,
435 1766 527 1834 spoliis
547 1767 667 1820 Orientis
685 1771 819 1831 onustum,

104 1843 230 1910 Accipies
248 1859 357 1908 secura3
375 1842 516 1895 vocabitur
534 1843 577 1896 hie
595 1860 705 1911 quoque
722 1843 799 1895 votis.
918 1853 953 1891 eoo

105 1921 211 1988 Aspera
230 1923 289 1973 turn
307 1920 404 1988 positis
421 1919 566 1975 mitescent
584 1920 692 1973 saecula
710 1919 803 1983 bellis3

106 1996 179 2049 Caua
197 1996 288 2062 Fides,
308 1999 336 2049 ct
356 1997 449 2062 Vesta,
470 1997 556 2049 Remo
574 2014 635 2049 curn
654 1995 740 2048 fratre
760 1995 897 2058 Quirinus,

108 2073 174 2125 Iura·
188 2072 308 2136 dabunt;
327 2073 403 2124 dirae
421 2073 493 2125 ferro
512 2076 541 2124 ct
560 2071 724 2139 conpagibus
742 2071 810 2123 artis

108 2148 274 2201 Claudentur
292 2148 362 2201 Belli
381 2153 492 2216 portam
512 2149 599 2200 Furor
617 2147 716 2215 impius
735 2147 808 2198 intus

108 2227 193 2278 Saeva
205 2225 304 2278 sedens
317 2241 398 2292 super
410 2241 486 2277 arma
498 2229 527 2277 ot
539 2228 648 2277 centurn
662 2224 768 2276 vinetus
781 2223 856 2276 aenis
921 2235 956 2274 29⁵

109 2300 173 2353 Post
191 2304 299 2368 tergum
317 2301 395 2353 nodis
413 2301 512 2366 fremet
530 2300 656 2354 horridus
675 2315 721 2352 ore
739 2303 858 2352 cruento.

142 2376 218 2430 Haec
236 2377 283 2444 ait,
301 2381 330 2430 et
348 2377 422 2430 Maia
438 2378 560 2444 genitum
580 2377 702 2430 demittit
720 2375 755 2429 ab
773 2376 836 2442 alto,

110 2454 148 2508 Ut
165 2458 263 2516 terrae,
281 2459 368 2523 utque
385 2471 470 2507 novae
488 2457 601 2523 pateant
623 2453 799 2520 Karthaginis
817 2468 894 2505 arces

112 2531 236 2598 Hospitio
255 2531 372 2594 Teucris,
391 2547 426 2584 ne
444 2531 493 2583 fati
512 2531 601 2583 nescia
621 2529 693 2582 Dido
775 2542 777 2548 ’

111 2607 220 2660 Finibus
237 2611 351 2661 arceret.
388 2607 471 2660 Volat
489 2607 534 2660 ille
551 2623 602 2674 per
619 2622 683 2659 aera
700 2621 828 2672 magnum
923 2617 959 2654 soo

112 2683 234 2751 Remigio
252 2685 362 2750 alarum,
382 2700 412 2736 aa
431 2683 531 2752 Libyae
550 2683 621 2737 citus
640 2681 748 2735 adstitit
767 2681 828 2734 oris.

113 2758 217 2814 Etiam
235 2761 307 2812 iussa
325 2761 398 2827 iacit,
417 2763 577 2828 ponuntque
595 2759 696 2813 ferocia
715 2757 799 2811 Poeni

113 2835 199 2890 Corda
217 2837 322 2889 volente
342 2836 408 2902 deo;
425 2838 453 2889 in
472 2837 566 2905 primis
584 2836 679 2904 regina
698 2835 820 2903 quietum

115 2913 220 2982 Accipit
236 2930 273 2994 m
284 2913 403 2967 Teucros
421 2914 541 2966 animum
559 2917 736 2978 mentemque
754 2909 906 2976 benignam.

146 2990 185 3042 nt
203 2989 264 3057 pius
284 2992 400 3056 Aeneas,
418 3006 468 3057 per
486 2993 593 3042 noctem
611 2988 729 3056 plurima
747 2983 863 3051 volvens,
925 2997 960 3036 ³05

114 3065 151 3119 Ut
167 3066 285 3133 primum
304 3066 351 3117 lux
369 3065 440 3118 alma
458 3065 524 3119 data
542 3069 591 3132 est,
611 3065 687 3117 crire
706 3064 832 3140 le-que

118 3141 260 3210 iixplorare
279 3158 370 3209 novos,
389 3159 457 3211 quas
474 3145 556 3195 vento
575 3141 718 3194 accesserit
737 3155 805 3202 eras,

116 3219 163 3284 Qui
181 3222 302 3285 teneant,
321 3234 383 3270 nam
402 3218 504 3271 inunita
522 3217 606 3281 videt,
625 3216 781 3268 hominesne
799 3214 916 3280 feracnc,
