2174 3502
362 506 392 554 P.
411 505 565 554 VERGILI
582 506 712 555 MARON
716 506 751 554 IS

321 671 795 746 AENEIDOS

402 859 518 912 LlBlllt
537 859 719 914 OCTAVUS.

507 1020 608 1050 ..4-

126 1153 174 1209 Uu·
191 1153 258 1209 belli
277 1154 383 1224 signum
402 1156 534 1210 Laurenti
554 1157 660 1210 Turnus
678 1156 793 1210 abarce

128 1231 246 1299 Extulit,
264 1235 293 1285 et
310 1248 392 1285 rauco
410 1236 587 1302 strepuerunt
605 1249 707 1286 cornua
724 1237 813 1298 cantu,

129 1307 226 1374 thue
243 1307 313 1360 acris
331 1309 465 1362 concussit
482 1325 575 1377 equos,
593 1312 679 1376 utque
696 1309 796 1376 inpulit
814 1325 898 1377 arma,

131 1382 276 1451 Extemplo
292 1383 397 1436 turbati
415 1384 505 1452 animi,
523 1384 605 1437 simul
623 1401 703 1436 omne
721 1384 841 1438 tumultu

126 1459 263 1512 Coniurat
280 1459 389 1528 trepido
407 1459 525 1528 Latium,
543 1460 685 1528 saevitque
701 1460 827 1514 iuventus
970 1483 981 1520 r

127 1534 228 1587 Effera.
265 1535 400 1588 Ductores
418 1537 499 1605 primi
517 1537 662 1604 Messapus
679 1540 708 1590 et
726 1536 812 1590 Ufens

127 1611 363 1680 contemptorque
382 1611 463 1665 deum
483 1612 636 1666 Mezentius
654 1611 774 1681 undique
792 1617 893 1681 cogunt

129 1686 249 1754 Auxilia,
267 1689 296 1740 et
313 1687 383 1742 latos
401 1691 510 1741 uastant
527 1688 678 1742 cultoribus
697 1705 785 1759 agros,

127 1762 255 1816 Mittitur
272 1767 302 1817 et
319 1764 410 1831 magni
428 1764 551 1818 Venulus
569 1764 710 1818 Diomedis
728 1764 764 1818 ad
781 1766 886 1833 urbem,

126 1839 181 1904 Qui
199 1840 279 1907 petat
296 1840 435 1908 auxilium,
453 1843 489 1906 et,
509 1841 588 1893 Latio
606 1842 754 1896 consistere
772 1841 897 1908 Teucros,
956 1857 980 1895 ro

129 1915 285 1968 advectum
305 1916 417 1968 Aenean
434 1915 513 1969 classi
530 1917 671 1985 victosque
690 1917 801 1970 Penatis

128 1992 235 2044 [nferre
254 1995 282 2043 ct
300 1991 364 2044 fatis
381 2007 474 2058 regern
493 2009 523 2045 se
541 1991 632 2046 dicere
650 1993 733 2062 posci,

130 2066 256 2132 Edoceat,
274 2066 429 2136 multasque
448 2068 505 2122 viro
523 2085 553 2121 sc
570 2069 720 2136 adiungere
737 2067 828 2135 gentis

127 2136 274 2208 Dardanio,
293 2146 322 2195 et
339 2143 394 2196 late
413 2143 492 2196 Latio
509 2143 696 2197 increbescere
713 2159 820 2196 nornen.

126 2218 201 2282 Quid
212 2220 301 2271 struat
312 2217 355 2271 his
367 2219 478 2287 coeptis,
491 2236 579 2287 quem,
593 2220 616 2272 si
630 2220 751 2273 Fortuna
763 2223 902 2288 sequatur,
953 2237 977 2276 15

127 2297 263 2349 Eventum
282 2311 388 2362 pugnae
406 2296 506 2363 cupiat,
525 2297 695 2350 manifestius
712 2297 771 2365 ipsi,

127 2372 216 2436 Quam
234 2371 324 2423 Turno
342 2371 409 2438 regi,
426 2376 475 2426 aut
493 2373 551 2439 regi
570 2373 703 2441 adparere
721 2372 826 2428 Latino.

162 2447 238 2499 Talia
254 2463 304 2514 per
321 2447 438 2500 Latium.
476 2449 551 2512 Quae
570 2449 783 2502 Laomedontius
801 2449 881 2502 heros

127 2523 232 2576 Cuncta
250 2523 344 2576 ridens
362 2540 460 2590 magno
478 2541 604 2577 curarum
622 2524 736 2578 fluctuat
753 2529 847 2589 aestu;

128 2602 225 2668 Atque
237 2599 356 2653 animum
369 2615 439 2653 nunc
451 2600 503 2653 lrue
515 2601 639 2666 celerem,
652 2617 723 2654 nuno
735 2600 834 2654 dividit
845 2600 916 2667 illuc,
951 2615 976 2654 ao

128 2675 161 2727 In
179 2676 321 2743 partisque
338 2675 412 2743 rapit
429 2678 517 2731 varias
535 2693 638 2744 perque
656 2677 747 2729 omnia
763 2680 867 2730 versat:

88 2769 108 2836 f
127 2751 205 2805 Sicut
222 2767 309 2819 aquae
326 2751 475 2804 tremulum
493 2751 576 2806 labris
594 2752 641 2806 ubl
658 2752 750 2805 lumen
768 2753 844 2805 aenis

127 2827 190 2881 Sole
207 2843 397 2897 repercussum
415 2832 463 2880 aut
480 2828 612 2882 radiantis
631 2828 748 2896 imagine
768 2828 862 2882 Lunae

127 2901 226 2956 Omnia
242 2903 389 2970 pervolitat
406 2903 462 2956 lato
478 2904 544 2970 loca,
562 2904 670 2972 iamque
689 2904 740 2958 sub
757 2921 837 2958 auras

126 2978 250 3046 Erigitur
267 2979 420 3046 summique
436 2978 502 3033 ferit
518 2980 659 3049 laquearia
675 2980 750 3033 tecti.
950 2995 975 3036 aa

127 3055 190 3109 Nox
207 3058 275 3123 erat,
294 3058 323 3109 et
339 3056 429 3108 terras
447 3057 572 3110 animalia
588 3058 660 3110 fessa
676 3073 726 3122 per
744 3057 830 3109 omnis

127 3131 253 3185 Alituum
270 3131 461 3200 pecudumque
479 3149 564 3199 genus
582 3149 663 3202 sopor
680 3130 751 3182 altus
768 3131 901 3186 habebat:

127 3208 197 3264 Cum
213 3211 295 3277 pater
312 3207 340 3260 in
358 3208 418 3275 ripa
435 3207 573 3274 gelidique
591 3207 642 3259 snb
660 3205 779 3257 aether-is
796 3222 847 3257 axe

350 3417 370 3444 d
