2152 3506
372 178 556 228 AENEIDOS
572 178 640 227 LIB.
659 177 698 226 11.
915 180 960 226 103

103 260 296 328 Desertosque
314 259 409 313 ridere
426 259 499 312 locos
517 259 637 328 litusque
654 259 787 313 relictum.

102 335 162 390 Hic
182 337 316 403 Dolopum
334 352 438 401 manus,
456 335 500 388 hic
518 352 614 389 000100
632 335 765 389 tendebat
784 335 919 400 Achillem

103 412 247 466 Cla-ssibus
266 413 310 466 hic
327 412 417 476 locus;
436 411 480 464 hic
498 412 555 465 acio
573 417 680 466 certare
699 412 829 465 solebant.
936 425 961 466 aa

103 487 175 542 Pars
195 493 289 556 stupet
308 489 440 556 innuptae
459 488 560 541 donum
580 489 689 542 exitiale
708 489 848 541 Minervae

103 564 143 618 Et
161 565 261 618 molem
280 566 414 620 mirantur
432 565 510 632 equi;
529 564 688 633 primusque
706 565 868 632 Thymoetes
961 581 964 588 ¹

103 640 177 694 Duci
194 642 267 694 intra
285 658 377 694 muros
395 641 522 694 hortatur
539 643 569 694 et
586 657 647 694 arce
666 641 755 708 100011,

103 717 169 788 Sive
188 717 257 784 dolo,
277 734 326 770 seu
343 717 398 770 iam
417 717 513 770 Troiae
532 717 570 769 sic
587 717 646 770 fata
663 716 795 770 ferebant.

107 797 146 846 nt
166 793 262 862 Capys,
280 798 310 846 01
328 810 444 862 quorum
462 793 558 846 melior
577 793 713 846 sententia
730 793 824 859 menti,
934 811 959 850 3⁵

104 873 166 923 Ant
185 870 281 938 pelage
300 868 426 922 Danaum
444 869 558 922 insidias
577 874 757 938 suspectaque
776 869 846 923 dona

104 946 291 1015 Praecipitare
309 946 412 1012 iubent,
431 945 615 1014 subiectisque
634 962 714 998 01010
731 945 851 1012 flammis,

103 1026 164 1076 Aut
182 1023 324 1077 terebrare
342 1039 421 1076 cavas
439 1023 511 1076 uteri
529 1027 559 1077 01
577 1027 714 1092 temptare
732 1023 856 1078 latebras

103 1099 244 1154 Scinditur
262 1101 396 1154 incertum
415 1100 507 1154 studia
523 1101 552 1152 in
571 1100 707 1153 contraria
724 1100 826 1167 volgus.

139 1175 247 1229 Primus
264 1176 302 1228 ibi
321 1181 386 1230 ante
404 1177 498 1243 omnis,
517 1193 616 1244 magna
633 1177 781 1229 comitante
799 1179 915 1242 caterva,
933 1189 958 1229 40

103 1251 227 1305 Laocoon
246 1253 346 1306 ardens
365 1270 470 1306 summa
488 1252 610 1305 decurrit
628 1253 663 1305 ab
681 1270 750 1320 arce,

103 1328 141 1380 Et
158 1329 265 1396 procul:
287 1327 310 1380 Ο
330 1329 429 1395 miseri,
449 1346 519 1396 quae
537 1333 615 1382 tanta
633 1329 744 1396 insania,
763 1329 851 1382 011001

103 1403 224 1456 Creditis
242 1407 352 1457 0100100
371 1405 475 1458 11001101
498 1408 545 1457 001
563 1405 618 1457 ulia
636 1405 741 1475 putatis

104 1477 182 1531 Dona
200 1496 293 1533 carere
312 1479 382 1533 dolis
401 1480 542 1534 Danaum?
564 1481 602 1534 010
620 1482 701 1534 00100
720 1480 833 1534 Ulixes?

103 1556 164 1607 Aut
182 1555 234 1608 hoc
251 1555 348 1609 inclusi
366 1555 440 1624 ligno
458 1557 630 1610 occultantur
649 1556 755 1623 Achivi,
931 1573 957 1612 ss

105 1633 164 1684 Aut
181 1631 247 1698 haec
265 1632 292 1684 in
310 1635 418 1685 0001100
435 1631 571 1687 fabricata
589 1637 632 1687 001
649 1632 773 1686 machina
789 1647 882 1686 muros

105 1706 266 1776 Inspectura
284 1709 379 1761 domos
396 1713 565 1778 venturaque
584 1709 702 1777 desuper
720 1708 789 1774 urbi,

105 1785 164 1836 Aut
182 1784 280 1852 aliquia
297 1785 367 1838 10101
385 1801 462 1838 01101
472 1806 479 1850 ;
498 1802 568 1854 equo
587 1803 622 1838 ne
640 1785 752 1852 credite,
772 1785 877 1838 Teucri.

105 1858 246 1928 Quidquid
263 1860 292 1913 id
311 1866 361 1928 est,
380 1862 463 1914 timeo
482 1862 590 1915 Danaos
609 1871 637 1915 01
655 1862 728 1915 dona
745 1861 866 1914 ferentis.

105 1935 149 1988 Sic
167 1937 239 1989 10100
257 1937 354 1990 validis
371 1939 510 2005 ingentem
529 1939 633 1992 viribus
651 1940 757 1992 hastam
932 1953 956 1992 50

106 2012 139 2064 In
156 2012 229 2065 10100
246 2013 329 2081 inque
346 2014 397 2068 feri
416 2031 524 2068 cursam
543 2015 709 2083 conpagibus
727 2015 815 2067 alvum

106 2087 250 2142 Contorsit.
287 2091 371 2143 Stetit
389 2090 435 2143 illa
452 2094 581 2158 tremens,
600 2094 736 2159 uteroque
754 2106 863 2144 recusso

106 2164 253 2218 Insonuere
271 2183 352 2220 00100
371 2166 560 2235 gemitumque
579 2167 682 2221 dedere
700 2183 839 2220 cavernae.

105 2241 149 2308 Et,
168 2242 190 2294 si
208 2242 265 2295 1010
283 2243 372 2310 deuna,
392 2243 414 2296 01
431 2260 509 2308 mens
527 2261 580 2297 non
598 2243 675 2297 10010
693 2243 798 2311 1010001,

105 2318 246 2386 Inpulerat
264 2320 337 2372 ferro
356 2319 499 2388 Argolicas
517 2320 628 2374 foedare
647 2319 774 2386 latebras,
931 2335 955 2375 01

105 2394 245 2464 Troiaque,
263 2413 334 2449 nunc
352 2401 448 2464 stares,
468 2396 625 2465 Priamique
643 2413 692 2449 arx
711 2395 773 2463 alta,
793 2412 925 2450 maneres.

140 2471 216 2538 Ecce,
235 2489 330 2525 manus
347 2473 472 2526 iuvenem
491 2473 597 2527 interea
615 2476 677 2542 post
694 2476 774 2540 terga
791 2472 942 2525 revinctum

82 2555 84 2560 “
106 2546 232 2602 Ρο010100
251 2565 348 2616 magno
367 2549 403 2602 ad
421 2566 514 2616 rogem
533 2550 650 2602 clamore
669 2549 816 2603 trahebant

106 2623 287 2692 Dardanidae,
307 2626 354 2693 qui
373 2643 402 2678 so
421 2626 543 2693 ignotum
563 2625 735 2678 venientibus
753 2624 835 2690 ultro,

107 2699 165 2752 Hoc
176 2699 265 2767 ipsum
277 2704 309 2753 ut
322 2707 443 2755 strueret
457 2702 619 2769 Troiamque
631 2701 751 2769 aperiret
765 2700 884 2767 Achivis,
932 2714 955 2755 00

107 2774 259 2842 0111010101,
278 2776 367 2830 fidens
385 2779 474 2840 animi,
492 2782 575 2845 atque
593 2777 621 2830 in
639 2780 787 2845 utrumque
806 2780 926 2846 paratus,

108 2851 159 2904 Seu
177 2868 286 2906 versare
304 2853 389 2921 dolos,
409 2873 456 2908 seu
474 2859 566 2908 certae
584 2853 744 2907 occumbere
761 2851 850 2904 morti.

108 2927 234 2996 Undique
252 2930 358 2984 visendi
376 2931 467 2984 studio
486 2930 600 2984 Troiana
618 2930 744 2983 iuventus

108 3004 274 3059 Circumfusa
292 3007 355 3072 ruit,
374 3011 536 3076 certantque
553 3007 677 3060 inludere
695 3010 780 3074 capto.

111 3080 210 3149 Accipe
226 3099 298 3135 nunc
316 3083 441 3136 Danaum
459 3083 579 3150 insidias,
597 3086 626 3136 et
644 3082 756 3136 crimino
773 3081 808 3132 ab
825 3096 878 3133 uno
930 3097 955 3137 01

108 3155 188 3212 Disce
205 3160 299 3214 omnis.

110 3231 233 3302 Namque
252 3240 283 3289 01
301 3241 447 3304 conspectu
466 3237 492 3290 in
511 3236 603 3290 medio
621 3236 753 3298 turbatus,
771 3233 889 3296 inermis,
