2172 3506
412 129 593 179 AENEIDOS
611 132 680 180 LlB.
700 133 765 182 XII.
975 137 1019 181 335

172 207 288 273 Occidit,
306 207 492 278 occideritque
510 211 583 264 sinas
600 229 662 266 eum
680 214 788 267 noniine
807 213 893 268 Troia.

171 284 225 337 olli
243 285 388 338 subridens
406 287 546 340 hominum
565 305 710 355 rerumque
729 292 867 358 repertor:

169 360 206 413 Es
223 377 353 428 germana
372 362 446 416 Iovis
459 365 624 432 Saturnique
642 365 728 418 altera
746 365 848 432 proles:
982 381 1019 420 reo

169 437 278 490 Irarum
297 442 388 491 tantos
407 437 561 493 rolris'sub
579 444 689 508 pectore
708 441 820 494 fluctus!

171 513 273 567 Verum
291 532 342 582 age
360 519 388 569 et
407 517 544 584 inceptum
563 517 666 570 frustra
684 515 816 570 submitte
833 518 967 573 furorem:

168 590 218 657 De,
237 592 376 659 quodvis,
396 596 425 646 et
442 609 486 645 me
503 594 646 660 ulctusque
663 593 811 662 volensque
829 595 947 648 remitto.

169 666 326 720 Sermonem
345 668 461 720 Ausonii
480 669 597 736 patrium
618 685 761 736 moresque
779 669 918 734 tenebunt,

168 741 263 811 thue
281 747 440 808 est,nomen
458 745 526 808 erit,
550 745 690 798 commixti
707 762 820 812 corpore
837 749 946 799 tantum
980 762 1015 800 005

168 817 316 872 Subsident
335 820 584 884 Tenem—morem
602 821 727 889 ritusque
745 838 884 875 sacrorum

168 893 505 963 Adiiciam3-faoiamque
523 897 610 948 omnis
628 914 681 949 uno
700 914 747 950 ore
765 897 883 951 Latinos.

168 969 240 1022 Hinc
257 987 342 1036 genus
362 971 483 1024 Ausonio
499 972 616 1024 mixtum
635 972 709 1040 quod
728 974 858 1039 sanguine
876 977 977 1041 surget,

167 1045 255 1114 Supra
272 1045 401 1114 homines,
415 1064 497 1115 supra
514 1047 555 1100 ire
573 1047 639 1100 deos
657 1049 760 1115 pietate
781 1049 895 1116 videbis,

167 1121 224 1174 Nec
241 1138 307 1188 gens
325 1123 381 1174 ulla
398 1125 460 1175 tuos
478 1139 565 1191 acque
582 1123 732 1177 celebrabit
751 1124 874 1178 honores.
979 1139 1016 1177 seo

167 1197 275 1250 Adnuit
287 1198 330 1250 his
349 1198 426 1265 Iuno,
446 1201 475 1251 et
492 1203 612 1252 mentem
630 1200 733 1253 laetata
751 1201 869 1254 retorsit.

166 1273 278 1326 Interea
296 1275 404 1328 excedit
422 1275 502 1341 caelo,
520 1275 676 1343 nubemque
694 1276 833 1344 relinquit.

201 1349 253 1402 His
271 1351 338 1403 actis
356 1350 431 1403 aliud
450 1351 564 1404 Genitor
583 1367 674 1403 secum
691 1352 751 1418 ipse
769 1352 881 1418 volutat,

165 1425 364 1494 Iuturnamque
381 1429 462 1493 parat
479 1425 572 1479 fratris
591 1426 731 1480 dimittere
750 1426 784 1479 ab
803 1427 893 1480 armis.

165 1500 299 1554 Dicuntur
316 1503 440 1569 geminae
458 1505 550 1570 pestes
568 1503 728 1568 cognomiue
746 1502 837 1569 Dirae,
977 1517 1013 1556 015

165 1575 238 1638 Quas
256 1582 286 1631 et
304 1578 462 1634 Tartaream
482 1578 544 1629 Nox
556 1578 721 1646 intempesta
740 1578 897 1646 Megaeram

164 1651 225 1704 Uno
244 1653 395 1722 eodemque
412 1654 477 1707 tulit
495 1657 582 1720 partu,
601 1654 768 1722 paribusque
785 1655 905 1708 revinxit

115 1773 124 1780 .
164 1727 326 1796 Serpentum
344 1729 432 1796 spiriti,
450 1733 631 1796 ventosasque
649 1729 757 1782 addidit
775 1730 847 1783 alas:

164 1803 225 1856 Hae
244 1804 318 1857 Iovis
336 1805 372 1858 ad
390 1805 487 1857 solium
507 1804 634 1871 saevique
652 1804 680 1856 in
698 1804 791 1856 limine
810 1804 882 1870 regis

164 1880 315 1948 Adparent,
333 1885 488 1948 acuuntque
506 1884 610 1933 metum
628 1879 788 1934 mortalibus
807 1881 904 1947 aegris,
942 1926 944 1930 .
974 1899 1011 1938 000

163 1955 190 2008 Si
209 1957 318 2025 quando
336 1957 423 2010 letum
441 1956 597 2009 horrificum
616 1957 778 2024 morbosque
797 1956 878 2008 deum
896 1973 946 2010 rex

163 2031 282 2098 Molitnr,
301 2033 414 2086 meritas
432 2037 480 2086 aut
498 2031 569 2085 bello
587 2033 699 2086 territat
716 2031 805 2084 urbes.

165 2107 269 2160 llarum
287 2125 368 2161 unam
386 2108 502 2160 celerem
521 2108 632 2160 demisit
650 2107 685 2160 ab
704 2108 815 2162 aethere
834 2124 939 2162 summo

161 2183 294 2252 Iuppiter,
312 2183 394 2252 inque
412 2200 491 2236 omen
511 2183 642 2237 Iuturnae
660 2199 801 2237 occurrere
818 2183 904 2238 iussit.

162 2258 213 2312 Illa
230 2260 311 2326 volat,
329 2260 465 2328 celerique
483 2259 520 2312 ad
538 2263 639 2312 terram
658 2259 768 2314 turbine
785 2260 879 2312 fertur.
972 2261 1008 2313 005

160 2334 221 2386 Non
240 2352 324 2402 secus,
343 2353 374 2389 00
391 2352 475 2388 nervo
492 2351 542 2404 per
559 2335 660 2388 nubem
677 2335 785 2404 inpulsa
803 2337 908 2404 sagitta,

160 2410 302 2464 Armatam
321 2411 394 2465 saevi
414 2411 532 2464 Parthus
550 2428 632 2478 quam
650 2412 714 2464 fello
733 2412 835 2475 veneni,

160 2485 285 2554 Parthus,
304 2488 361 2541 slve
380 2487 480 2555 Cydon,
499 2487 584 2539 telum
612 2487 808 2553 inmedicabile,
827 2487 913 2548 torsit,

159 2561 283 2616 Stridens
302 2567 330 2616 ct
348 2564 443 2617 celeris
461 2563 598 2630 incognita
616 2562 734 2615 transiIIt
752 2561 875 2614 umbras:

158 2637 230 2690 Talis
248 2656 277 2692 sc
295 2643 354 2693 sata
373 2640 460 2693 Nocte
478 2639 549 2702 tulit,
569 2641 712 2704 terrasque
730 2637 835 2705 petivit.
970 2654 1006 2691 seo

96 2761 105 2780 ,
158 2712 305 2782 Postquam
324 2715 396 2768 acies
413 2715 489 2768 videt
509 2714 607 2766 Iliacas
625 2716 710 2780 atque
728 2713 836 2780 aginina
854 2712 945 2780 Turni,

157 2789 241 2842 Alitis
259 2790 287 2842 in
304 2807 403 2858 parvae
422 2790 541 2844 subitam
559 2787 672 2840 collecta
690 2789 813 2855 figuram,

157 2863 232 2928 Quae
251 2866 388 2933 quondam
405 2868 433 2919 in
451 2865 540 2920 bustis
558 2867 606 2916 aut
624 2864 785 2917 culminibus
803 2863 920 2917 desertis

156 2940 244 2994 Nocte
262 2941 361 2994 sedens
379 2959 470 2996 serum
488 2941 561 2994 canit
579 2939 725 3006 inportuna
742 2955 792 3008 per
809 2939 934 3004 umbras3

156 3015 236 3068 Hanc
253 3033 333 3070 versa
349 3017 377 3070 in
395 3017 492 3070 faciem
511 3015 595 3069 Turni
613 3031 642 3068 se
660 3017 745 3082 pestis
763 3014 797 3067 ob
816 3031 864 3067 ora
967 3030 1002 3068 sca

156 3091 277 3160 Fertque
296 3092 436 3163 refertque
454 3109 558 3160 sonans,
576 3091 747 3159 clipeumque
765 3089 908 3144 everberat
926 3088 983 3144 alis,

155 3168 199 3221 llli
219 3168 341 3221 membra
358 3185 443 3222 novus
461 3169 540 3222 solvit
558 3167 702 3220 formidine
720 3172 820 3234 torpor,
879 3239 882 3242 Ι
