2174 3502
128 165 174 212 224
362 162 390 210 Ρ.
410 162 565 211 VERGILI
582 162 749 211 MARONIS

124 245 231 311 Agrnen
249 259 332 311 agens
351 243 466 298 Clausus
484 243 630 312 magnique
646 243 706 312 ipse
724 244 839 312 agminis
856 246 954 316 instar,

123 320 237 373 Claudia
255 336 325 373 nuuc
343 336 360 372 a
378 337 432 388 que
452 319 614 372 diffunditur
632 325 661 373 et
678 321 767 374 tribus
784 325 814 375 et
831 339 901 390 gens

123 395 177 449 Per
203 396 317 463 Latium,
336 401 480 464 postquam
499 397 527 448 in
544 400 651 464 partem
670 397 736 450 data
754 397 842 450 Roma
860 399 978 454 Sabinis

122 473 184 526 Una
201 473 296 541 ingens
315 473 461 526 Amiterna
479 472 575 526 cohors
593 473 731 542 priscique
750 474 878 540 Quirites,
942 490 979 530 710

122 549 198 604 Ereti
217 566 311 602 manus
330 550 415 602 omnis
434 550 627 617 oliviferaeque
646 550 803 614 Mutuscae;

123 625 174 689 Qui
194 626 359 679 Nomentum
378 613 548 693 nrbemsqii
567 625 655 678 Rosea
673 641 737 677 rura
756 626 854 692 Velini,

123 703 175 766 Qui
193 702 316 755 Tetricae
336 701 471 754 horrentis
490 718 572 769 rupes
592 705 766 769 montemque
785 702 917 754 Severum

123 779 334 846 Casperiamque
352 777 443 830 colunt
463 778 629 844 Forulosque
649 781 678 830 et
701 777 800 829 llirmcn
825 778 979 835 Himellae3

123 855 175 919 Qui
188 854 307 907 Tiberim
323 853 503 921 Fabarimque
515 853 621 920 bibunt,
639 870 706 920 quos
718 853 817 921 frigida
829 854 905 906 misit
941 869 978 908 710

122 931 227 994 Nursia,
246 934 274 983 ct
295 931 428 983 Hortinae
446 931 546 983 classes
563 930 711 997 populique
732 930 836 994 Latini3

123 1007 250 1076 Quosque
269 1023 362 1060 secans
380 1007 528 1060 infaustum
547 1006 669 1059 interluit
689 1006 762 1059 Allia
775 1022 885 1060 nemen:

123 1083 210 1147 Quam
228 1084 305 1137 multi
324 1084 424 1151 Libyco
443 1084 590 1136 volvuntur
607 1099 742 1136 marmore
760 1081 865 1149 fluctus,

123 1160 224 1213 Saevus
242 1159 289 1212 ubi
309 1160 393 1213 Orion
412 1159 533 1212 bibernis
552 1159 678 1212 conditur
695 1158 791 1221 undis;

122 1236 175 1290 Vel
193 1253 254 1289 cum
272 1236 328 1302 sole
345 1253 414 1289 nevo
432 1235 535 1290 densae
552 1239 693 1289 terrentur
711 1235 819 1299 aristae,
940 1249 979 1289 770

124 1315 183 1367 Aut
202 1312 299 1365 Hermi
317 1328 418 1380 campo,
436 1315 484 1366 aut
502 1311 600 1380 Lyciae
619 1310 781 1365 flaventibus
799 1310 877 1363 arvis.

123 1390 207 1444 Scuta
225 1392 328 1455 sonant,
348 1388 483 1457 pulsuque
501 1389 601 1456 pedum
621 1387 769 1440 conterrita
786 1386 875 1438 tellus.

160 1466 231 1518 Hinc
250 1465 488 1534 Agamemnonius,
507 1464 615 1518 Troiani
632 1463 747 1517 nominis
765 1461 859 1528 hostis,

124 1541 212 1594 Curru
229 1541 317 1607 iungit
335 1540 471 1594 Halaesus
489 1558 581 1610 equos,
600 1541 745 1608 Turnoque
762 1537 860 1591 ferocis

124 1618 199 1671 Mille
217 1617 288 1683 rapit
305 1616 426 1683 populos,
445 1621 557 1672 vertunt
574 1617 664 1670 felicia
682 1614 789 1669 Baccho
939 1630 977 1669 725

123 1695 238 1747 Massica
256 1692 303 1760 qui
321 1693 424 1759 rastris,
444 1698 472 1746 et
490 1711 558 1762 quos
576 1693 611 1747 de
630 1693 743 1747 collibus
760 1690 825 1745 altis

125 1771 245 1824 Aurunci
262 1769 361 1822 misere
379 1772 473 1837 patres
491 1769 665 1838 Sidicinaque
682 1769 760 1823 iuxta

124 1849 260 1915 Aequora,
279 1845 380 1913 quique
399 1846 478 1899 Cales
495 1846 629 1914 linquunt,
648 1846 788 1915 amnisque
806 1843 901 1898 vadosi

125 1922 224 1976 Accola
243 1920 377 1986 Volturni,
395 1922 553 1990 pariterque
571 1922 706 1976 Saticulus
723 1939 803 1990 asper

124 1999 308 2066 Oscorumque
326 2013 430 2050 manus.
466 1998 579 2052 Teretes
597 2002 661 2052 sunt
678 1997 785 2066 aclydes
803 1996 857 2050 illis
938 2010 976 2052 730

124 2075 202 2138 Tela;
220 2074 269 2126 sed
287 2074 353 2126 haec
372 2073 446 2126 lento
465 2089 522 2126 mos
542 2079 584 2128 cst
601 2077 696 2142 aptare
714 2072 826 2141 flagella

123 2150 226 2203 Laevus
243 2153 319 2202 cetra
337 2150 422 2217 tegit3
440 2149 531 2202 falcati
550 2151 697 2218 comminus
715 2166 800 2204 enses.

158 2226 182 2277 N
184 2243 215 2279 cc
232 2229 264 2278 tu
281 2226 447 2279 carminibus
464 2227 565 2278 nestris
582 2227 701 2280 indictus
718 2225 813 2293 abibis,

124 2301 232 2367 0ebale,
250 2317 332 2369 quem
350 2318 496 2376 generasse
514 2302 597 2355 Telon
616 2302 764 2357 Sebethide
781 2300 901 2371 nympha

124 2378 230 2443 Fertur,
250 2376 396 2430 Teleboum
415 2378 533 2446 Capreas
551 2395 612 2432 cum
630 2395 714 2446 regne
731 2382 847 2445 teneret,
939 2393 975 2434 ⁷³⁵

124 2455 181 2507 lam
201 2453 304 2515 seni0r3
322 2455 418 2520 patriis
436 2454 486 2508 sed
504 2473 557 2508 non
575 2460 605 2510 et
623 2456 694 2508 lilius
711 2458 781 2508 arvis

124 2532 274 2585 Contentus
291 2529 348 2583 late
366 2530 420 2584 iarn
438 2535 498 2584 tum
517 2531 623 2586 dicione
640 2532 783 2601 premebat

124 2607 254 2660 Sarrastis
272 2606 386 2675 populos
404 2612 433 2661 et
452 2624 522 2675 quae
539 2608 612 2676 rigat
630 2625 750 2676 aequora
767 2607 876 2675 Sarnus,

124 2684 229 2750 Quique
239 2684 338 2736 Rufras
347 2684 531 2751 Rutulumque
539 2687 636 2738 tenent
644 2688 728 2753 atque
740 2701 805 2737 arra
818 2684 974 2749 Celemnae,

123 2759 159 2812 Et
177 2776 243 2827 ques
262 2759 400 2812 maliferae
419 2761 579 2828 despectant
596 2760 704 2814 moenia
722 2759 844 2826 Abellae,
938 2775 976 2816 700

123 2835 269 2888 Teutonico
287 2835 344 2887 ritu
362 2836 433 2888 soliti
452 2840 581 2904 torquere
599 2837 716 2901 cateias;

123 2909 251 2975 Tegmina
269 2911 330 2977 quis
348 2911 466 2977 capitum
484 2916 579 2979 raptus
598 2913 633 2965 de
651 2912 748 2966 subere
766 2915 868 2980 cortex,

123 2982 297 3051 Aerataeque
315 2985 415 3039 micant
432 2985 530 3054 peltae,
549 2987 631 3040 micat
648 3005 745 3042 aereus
763 2987 841 3042 ensis.

157 3055 193 3107 Et
210 3061 239 3109 te
257 3062 396 3112 montosae
414 3061 512 3114 misere
530 3062 557 3113 in
575 3063 679 3128 proelia
696 3064 808 3132 Nersae,

122 3125 215 3193 Ufens,
233 3132 366 3200 insignem
383 3135 455 3188 fania
473 3140 501 3190 et
519 3137 643 3191 felicibus
660 3140 757 3203 armis;
938 3153 977 3197 us

124 3196 243 3254 Horrida
260 3210 404 3276 praecipuo
422 3211 465 3263 cui
482 3228 557 3278 gens,
575 3213 745 3283 adsuetaque
762 3215 850 3272 multo
