<?xml version="1.0" encoding="UTF-8"?>
<!DOCTYPE html PUBLIC "-//W3C//DTD XHTML 1.0 Transitional//EN"
    "http://www.w3.org/TR/xhtml1/DTD/xhtml1-transitional.dtd">
<html xmlns="http://www.w3.org/1999/xhtml" xml:lang="en" lang="en">
 <head>
  <title>
</title>
<meta http-equiv="Content-Type" content="text/html;charset=utf-8" />
  <meta name='ocr-system' content='tesseract 3.04.00' />
  <meta name='ocr-capabilities' content='ocr_page ocr_carea ocr_par ocr_line ocrx_word'/>
</head>
<body>
  <div class='ocr_page' id='page_1' title='image "./operaexrecensio03virggoog_0296.png"; bbox 0 0 2172 3506; ppageno 0'>
   <div class='ocr_carea' id='block_1_1' title="bbox 102 134 720 189">
    <p class='ocr_par' dir='ltr' id='par_1_1' title="bbox 102 134 720 189">
     <span class='ocr_line' id='line_1_1' title="bbox 102 134 720 189; baseline -0.008 0"><span class='ocrx_word' id='word_1_1' title='bbox 102 141 149 189; x_wconf 77' lang='lat' dir='ltr'>ret</span> <span class='ocrx_word' id='word_1_2' title='bbox 336 135 366 186; x_wconf 86' lang='lat' dir='ltr'>P.</span> <span class='ocrx_word' id='word_1_3' title='bbox 385 136 536 186; x_wconf 85' lang='lat' dir='ltr'>VERGILI</span> <span class='ocrx_word' id='word_1_4' title='bbox 554 134 720 184; x_wconf 80' lang='lat' dir='ltr'><strong>MARONIS</strong></span> 
     </span>
    </p>
   </div>
   <div class='ocr_carea' id='block_1_2' title="bbox 18 215 961 3261">
    <p class='ocr_par' dir='ltr' id='par_1_2' title="bbox 103 215 792 286">
     <span class='ocr_line' id='line_1_2' title="bbox 103 215 792 286; baseline -0.003 -16"><span class='ocrx_word' id='word_1_5' title='bbox 103 217 222 286; x_wconf 79' lang='lat' dir='ltr'>Duxisti,</span> <span class='ocrx_word' id='word_1_6' title='bbox 241 221 270 272; x_wconf 88' lang='lat' dir='ltr'>et</span> <span class='ocrx_word' id='word_1_7' title='bbox 287 216 351 272; x_wconf 82' lang='lat' dir='ltr'>talis</span> <span class='ocrx_word' id='word_1_8' title='bbox 368 216 479 272; x_wconf 86' lang='lat' dir='ltr'>voluisti</span> <span class='ocrx_word' id='word_1_9' title='bbox 496 215 655 285; x_wconf 82' lang='lat' dir='ltr'>expendere</span> <span class='ocrx_word' id='word_1_10' title='bbox 672 217 792 284; x_wconf 77' lang='lat' dir='ltr'>poenas?</span> 
     </span>
    </p>

    <p class='ocr_par' dir='ltr' id='par_1_3' title="bbox 102 292 961 434">
     <span class='ocr_line' id='line_1_3' title="bbox 102 292 961 361; baseline 0.001 -14"><span class='ocrx_word' id='word_1_11' title='bbox 102 296 161 359; x_wconf 81' lang='lat' dir='ltr'>Quo</span> <span class='ocrx_word' id='word_1_12' title='bbox 178 295 270 349; x_wconf 86' lang='lat' dir='ltr'>ferorl</span> <span class='ocrx_word' id='word_1_13' title='bbox 288 293 362 347; x_wconf 89' lang='lat' dir='ltr'>unde</span> <span class='ocrx_word' id='word_1_14' title='bbox 374 292 446 347; x_wconf 83' lang='lat' dir='ltr'>abiil</span> <span class='ocrx_word' id='word_1_15' title='bbox 464 309 536 361; x_wconf 83' lang='lat' dir='ltr'>quae</span> <span class='ocrx_word' id='word_1_16' title='bbox 554 309 599 348; x_wconf 88' lang='lat' dir='ltr'>me</span> <span class='ocrx_word' id='word_1_17' title='bbox 616 293 688 360; x_wconf 75' lang='lat' dir='ltr'>haga,</span> <span class='ocrx_word' id='word_1_18' title='bbox 701 307 819 360; x_wconf 88' lang='lat' dir='ltr'>quemve</span> <span class='ocrx_word' id='word_1_19' title='bbox 832 292 961 348; x_wconf 80' lang='lat' dir='ltr'>reducitl</span> 
     </span>
     <span class='ocr_line' id='line_1_4' title="bbox 102 367 826 434; baseline 0.001 -12"><span class='ocrx_word' id='word_1_20' title='bbox 102 370 285 434; x_wconf 77' lang='lat' dir='ltr'><strong>Laurentisne</strong></span> <span class='ocrx_word' id='word_1_21' title='bbox 304 370 405 424; x_wconf 90' lang='lat' dir='ltr'>iterum</span> <span class='ocrx_word' id='word_1_22' title='bbox 422 386 516 423; x_wconf 88' lang='lat' dir='ltr'>muros</span> <span class='ocrx_word' id='word_1_23' title='bbox 534 372 583 423; x_wconf 91' lang='lat' dir='ltr'>aut</span> <span class='ocrx_word' id='word_1_24' title='bbox 601 371 692 422; x_wconf 88' lang='lat' dir='ltr'>castra</span> <span class='ocrx_word' id='word_1_25' title='bbox 709 367 826 423; x_wconf 85' lang='lat' dir='ltr'>videbol</span> 
     </span>
    </p>

    <p class='ocr_par' dir='ltr' id='par_1_4' title="bbox 102 445 949 590">
     <span class='ocr_line' id='line_1_5' title="bbox 102 445 949 514; baseline 0.001 -16"><span class='ocrx_word' id='word_1_26' title='bbox 102 446 175 512; x_wconf 74' lang='lat' dir='ltr'>Quid</span> <span class='ocrx_word' id='word_1_27' title='bbox 193 457 289 500; x_wconf 84' lang='lat' dir='ltr'>manus</span> <span class='ocrx_word' id='word_1_28' title='bbox 306 445 353 500; x_wconf 90' lang='lat' dir='ltr'>illa</span> <span class='ocrx_word' id='word_1_29' title='bbox 370 446 465 512; x_wconf 87' lang='lat' dir='ltr'>virum,</span> <span class='ocrx_word' id='word_1_30' title='bbox 486 447 534 514; x_wconf 91' lang='lat' dir='ltr'>qui</span> <span class='ocrx_word' id='word_1_31' title='bbox 551 463 595 499; x_wconf 88' lang='lat' dir='ltr'>mc</span> <span class='ocrx_word' id='word_1_32' title='bbox 614 461 729 512; x_wconf 89' lang='lat' dir='ltr'>meaque</span> <span class='ocrx_word' id='word_1_33' title='bbox 747 461 825 498; x_wconf 89' lang='lat' dir='ltr'>arma</span> <span class='ocrx_word' id='word_1_34' title='bbox 843 446 949 499; x_wconf 87' lang='lat' dir='ltr'>secutil</span> 
     </span>
     <span class='ocr_line' id='line_1_6' title="bbox 102 520 854 590; baseline -0.003 -14"><span class='ocrx_word' id='word_1_35' title='bbox 102 522 445 587; x_wconf 85' lang='lat' dir='ltr'>Quosne-nefas-omuis</span> <span class='ocrx_word' id='word_1_36' title='bbox 462 521 575 576; x_wconf 82' lang='lat' dir='ltr'>intende</span> <span class='ocrx_word' id='word_1_37' title='bbox 592 521 621 574; x_wconf 93' lang='lat' dir='ltr'>iu</span> <span class='ocrx_word' id='word_1_38' title='bbox 638 524 728 574; x_wconf 89' lang='lat' dir='ltr'>morte</span> <span class='ocrx_word' id='word_1_39' title='bbox 745 520 854 590; x_wconf 86' lang='lat' dir='ltr'><strong>reliqui,</strong></span> 
     </span>
    </p>

    <p class='ocr_par' dir='ltr' id='par_1_5' title="bbox 100 596 959 820">
     <span class='ocr_line' id='line_1_7' title="bbox 102 596 841 668; baseline -0.003 -17"><span class='ocrx_word' id='word_1_40' title='bbox 102 598 138 652; x_wconf 79' lang='lat' dir='ltr'>Iit</span> <span class='ocrx_word' id='word_1_41' title='bbox 155 615 227 653; x_wconf 92' lang='lat' dir='ltr'>nnnc</span> <span class='ocrx_word' id='word_1_42' title='bbox 244 599 362 668; x_wconf 87' lang='lat' dir='ltr'>palantis</span> <span class='ocrx_word' id='word_1_43' title='bbox 380 598 467 667; x_wconf 86' lang='lat' dir='ltr'>video,</span> <span class='ocrx_word' id='word_1_44' title='bbox 485 599 674 666; x_wconf 75' lang='lat' dir='ltr'>gemitumque</span> <span class='ocrx_word' id='word_1_45' title='bbox 692 596 841 650; x_wconf 72' lang='lat' dir='ltr'>cadentum</span> 
     </span>
     <span class='ocr_line' id='line_1_8' title="bbox 102 672 959 743; baseline 0 -15"><span class='ocrx_word' id='word_1_46' title='bbox 102 675 231 743; x_wconf 77' lang='lat' dir='ltr'>Accipiet</span> <span class='ocrx_word' id='word_1_47' title='bbox 252 676 325 740; x_wconf 85' lang='lat' dir='ltr'>Quid</span> <span class='ocrx_word' id='word_1_48' title='bbox 336 676 404 743; x_wconf 84' lang='lat' dir='ltr'>agel</span> <span class='ocrx_word' id='word_1_49' title='bbox 422 678 470 728; x_wconf 86' lang='lat' dir='ltr'>aut</span> <span class='ocrx_word' id='word_1_50' title='bbox 482 691 553 742; x_wconf 86' lang='lat' dir='ltr'>quae</span> <span class='ocrx_word' id='word_1_51' title='bbox 566 675 619 727; x_wconf 89' lang='lat' dir='ltr'>iam</span> <span class='ocrx_word' id='word_1_52' title='bbox 632 673 700 726; x_wconf 87' lang='lat' dir='ltr'>satis</span> <span class='ocrx_word' id='word_1_53' title='bbox 711 673 766 726; x_wconf 87' lang='lat' dir='ltr'>ima</span> <span class='ocrx_word' id='word_1_54' title='bbox 778 672 904 726; x_wconf 86' lang='lat' dir='ltr'>dehiscat</span> <span class='ocrx_word' id='word_1_55' title='bbox 920 687 959 728; x_wconf 75' lang='lat' dir='ltr'>ess</span> 
     </span>
     <span class='ocr_line' id='line_1_9' title="bbox 100 749 816 820; baseline -0.004 -16"><span class='ocrx_word' id='word_1_56' title='bbox 100 752 184 804; x_wconf 86' lang='lat' dir='ltr'>Terra</span> <span class='ocrx_word' id='word_1_57' title='bbox 202 751 286 806; x_wconf 86' lang='lat' dir='ltr'>mihil</span> <span class='ocrx_word' id='word_1_58' title='bbox 313 751 370 805; x_wconf 91' lang='lat' dir='ltr'>Vos</span> <span class='ocrx_word' id='word_1_59' title='bbox 388 769 404 804; x_wconf 94' lang='grc' dir='ltr'>ο</span> <span class='ocrx_word' id='word_1_60' title='bbox 421 752 513 820; x_wconf 89' lang='lat' dir='ltr'>potius</span> <span class='ocrx_word' id='word_1_61' title='bbox 530 750 706 817; x_wconf 70' lang='lat' dir='ltr'>miserescite,</span> <span class='ocrx_word' id='word_1_62' title='bbox 724 749 816 815; x_wconf 75' lang='lat' dir='ltr'>renti3</span> 
     </span>
    </p>

    <p class='ocr_par' dir='ltr' id='par_1_6' title="bbox 103 825 825 896">
     <span class='ocr_line' id='line_1_10' title="bbox 103 825 825 896; baseline -0.003 -16"><span class='ocrx_word' id='word_1_63' title='bbox 103 828 134 880; x_wconf 94' lang='lat' dir='ltr'>lu</span> <span class='ocrx_word' id='word_1_64' title='bbox 153 845 242 896; x_wconf 85' lang='lat' dir='ltr'>rupes,</span> <span class='ocrx_word' id='word_1_65' title='bbox 261 828 289 880; x_wconf 93' lang='lat' dir='ltr'>iu</span> <span class='ocrx_word' id='word_1_66' title='bbox 308 827 498 881; x_wconf 78' lang='lat' dir='ltr'>saxa-volens</span> <span class='ocrx_word' id='word_1_67' title='bbox 517 843 564 879; x_wconf 83' lang='lat' dir='ltr'>vos</span> <span class='ocrx_word' id='word_1_68' title='bbox 583 826 690 879; x_wconf 89' lang='lat' dir='ltr'>Turnus</span> <span class='ocrx_word' id='word_1_69' title='bbox 706 825 825 878; x_wconf 84' lang='lat' dir='ltr'>adoro-</span> 
     </span>
    </p>

    <p class='ocr_par' dir='ltr' id='par_1_7' title="bbox 102 901 821 972">
     <span class='ocr_line' id='line_1_11' title="bbox 102 901 821 972; baseline -0.001 -17"><span class='ocrx_word' id='word_1_70' title='bbox 102 904 184 956; x_wconf 83' lang='lat' dir='ltr'>Ferte</span> <span class='ocrx_word' id='word_1_71' title='bbox 202 908 298 971; x_wconf 84' lang='lat' dir='ltr'>ratem,</span> <span class='ocrx_word' id='word_1_72' title='bbox 317 904 459 972; x_wconf 85' lang='lat' dir='ltr'>saevisque</span> <span class='ocrx_word' id='word_1_73' title='bbox 477 902 555 958; x_wconf 83' lang='lat' dir='ltr'>vadis</span> <span class='ocrx_word' id='word_1_74' title='bbox 573 902 707 956; x_wconf 87' lang='lat' dir='ltr'>inmittite</span> <span class='ocrx_word' id='word_1_75' title='bbox 726 901 821 969; x_wconf 80' lang='lat' dir='ltr'>Syrtis,</span> 
     </span>
    </p>

    <p class='ocr_par' dir='ltr' id='par_1_8' title="bbox 101 978 958 1350">
     <span class='ocr_line' id='line_1_12' title="bbox 101 978 893 1048; baseline -0.001 -16"><span class='ocrx_word' id='word_1_76' title='bbox 101 979 159 1043; x_wconf 82' lang='lat' dir='ltr'>Quo</span> <span class='ocrx_word' id='word_1_77' title='bbox 177 996 267 1048; x_wconf 85' lang='lat' dir='ltr'>neque</span> <span class='ocrx_word' id='word_1_78' title='bbox 285 995 330 1032; x_wconf 91' lang='lat' dir='ltr'>me</span> <span class='ocrx_word' id='word_1_79' title='bbox 349 979 454 1047; x_wconf 87' lang='lat' dir='ltr'>Rutuli,</span> <span class='ocrx_word' id='word_1_80' title='bbox 472 995 523 1032; x_wconf 90' lang='lat' dir='ltr'>nec</span> <span class='ocrx_word' id='word_1_81' title='bbox 540 978 647 1032; x_wconf 87' lang='lat' dir='ltr'>conscie</span> <span class='ocrx_word' id='word_1_82' title='bbox 664 979 737 1032; x_wconf 81' lang='lat' dir='ltr'>fama</span> <span class='ocrx_word' id='word_1_83' title='bbox 754 983 852 1045; x_wconf 89' lang='lat' dir='ltr'>sequat</span> <span class='ocrx_word' id='word_1_84' title='bbox 854 996 893 1032; x_wconf 92' lang='lat' dir='ltr'>ur</span> 
     </span>
     <span class='ocr_line' id='line_1_13' title="bbox 101 1053 958 1121; baseline 0 -13"><span class='ocrx_word' id='word_1_85' title='bbox 101 1057 177 1108; x_wconf 85' lang='lat' dir='ltr'>llaec</span> <span class='ocrx_word' id='word_1_86' title='bbox 189 1072 343 1109; x_wconf 72' lang='lat' dir='ltr'>meruerant</span> <span class='ocrx_word' id='word_1_87' title='bbox 355 1056 445 1108; x_wconf 90' lang='lat' dir='ltr'>animo</span> <span class='ocrx_word' id='word_1_88' title='bbox 456 1072 528 1108; x_wconf 91' lang='lat' dir='ltr'>nunc</span> <span class='ocrx_word' id='word_1_89' title='bbox 540 1055 600 1121; x_wconf 88' lang='lat' dir='ltr'>huc,</span> <span class='ocrx_word' id='word_1_90' title='bbox 613 1071 685 1108; x_wconf 89' lang='lat' dir='ltr'>nuuc</span> <span class='ocrx_word' id='word_1_91' title='bbox 696 1053 798 1108; x_wconf 59' lang='lat' dir='ltr'>fluetus</span> <span class='ocrx_word' id='word_1_92' title='bbox 798 1055 903 1119; x_wconf 87' lang='lat' dir='ltr'>tilluc;</span> <span class='ocrx_word' id='word_1_93' title='bbox 916 1071 958 1108; x_wconf 80' lang='lat' dir='ltr'>eso</span> 
     </span>
     <span class='ocr_line' id='line_1_14' title="bbox 101 1131 802 1185; baseline -0.003 -1"><span class='ocrx_word' id='word_1_94' title='bbox 101 1136 145 1184; x_wconf 87' lang='grc' dir='ltr'>Αιι</span> <span class='ocrx_word' id='word_1_95' title='bbox 164 1149 224 1185; x_wconf 85' lang='lat' dir='ltr'>sese</span> <span class='ocrx_word' id='word_1_96' title='bbox 242 1148 370 1185; x_wconf 89' lang='lat' dir='ltr'>mucrone</span> <span class='ocrx_word' id='word_1_97' title='bbox 388 1131 550 1185; x_wconf 88' lang='lat' dir='ltr'>obtentum</span> <span class='ocrx_word' id='word_1_98' title='bbox 569 1131 691 1184; x_wconf 86' lang='lat' dir='ltr'>dedecus</span> <span class='ocrx_word' id='word_1_99' title='bbox 708 1146 802 1184; x_wconf 66' lang='lat' dir='ltr'>aenens</span> 
     </span>
     <span class='ocr_line' id='line_1_15' title="bbox 101 1207 807 1276; baseline -0.006 -15"><span class='ocrx_word' id='word_1_100' title='bbox 101 1208 258 1275; x_wconf 87' lang='lat' dir='ltr'>lnduate,t</span> <span class='ocrx_word' id='word_1_101' title='bbox 246 1207 391 1262; x_wconf 87' lang='lat' dir='ltr'>tcrudum</span> <span class='ocrx_word' id='word_1_102' title='bbox 409 1225 459 1276; x_wconf 87' lang='lat' dir='ltr'>per</span> <span class='ocrx_word' id='word_1_103' title='bbox 477 1211 567 1262; x_wconf 87' lang='lat' dir='ltr'>costas</span> <span class='ocrx_word' id='word_1_104' title='bbox 585 1207 678 1274; x_wconf 70' lang='lat' dir='ltr'>exigat</span> <span class='ocrx_word' id='word_1_105' title='bbox 696 1222 807 1270; x_wconf 85' lang='lat' dir='ltr'>ensem;</span> 
     </span>
     <span class='ocr_line' id='line_1_16' title="bbox 101 1281 772 1350; baseline -0.004 -14"><span class='ocrx_word' id='word_1_106' title='bbox 101 1285 242 1338; x_wconf 83' lang='lat' dir='ltr'>Fluctibus</span> <span class='ocrx_word' id='word_1_107' title='bbox 260 1303 295 1338; x_wconf 88' lang='lat' dir='ltr'>au</span> <span class='ocrx_word' id='word_1_108' title='bbox 313 1285 395 1339; x_wconf 86' lang='lat' dir='ltr'>iaciat</span> <span class='ocrx_word' id='word_1_109' title='bbox 412 1285 517 1350; x_wconf 88' lang='lat' dir='ltr'>mediis,</span> <span class='ocrx_word' id='word_1_110' title='bbox 536 1287 566 1338; x_wconf 92' lang='lat' dir='ltr'>et</span> <span class='ocrx_word' id='word_1_111' title='bbox 583 1284 665 1336; x_wconf 90' lang='lat' dir='ltr'>litera</span> <span class='ocrx_word' id='word_1_112' title='bbox 683 1281 772 1334; x_wconf 88' lang='lat' dir='ltr'>nando</span> 
     </span>
    </p>

    <p class='ocr_par' dir='ltr' id='par_1_9' title="bbox 99 1358 956 1658">
     <span class='ocr_line' id='line_1_17' title="bbox 100 1358 936 1430; baseline -0.002 -17"><span class='ocrx_word' id='word_1_113' title='bbox 100 1361 188 1414; x_wconf 80' lang='lat' dir='ltr'>Curva</span> <span class='ocrx_word' id='word_1_114' title='bbox 206 1367 292 1430; x_wconf 89' lang='lat' dir='ltr'>petat,</span> <span class='ocrx_word' id='word_1_115' title='bbox 312 1362 502 1429; x_wconf 82' lang='lat' dir='ltr'>Teucrumque</span> <span class='ocrx_word' id='word_1_116' title='bbox 519 1361 621 1414; x_wconf 88' lang='lat' dir='ltr'>iterum</span> <span class='ocrx_word' id='word_1_117' title='bbox 639 1375 669 1412; x_wconf 89' lang='lat' dir='ltr'>se</span> <span class='ocrx_word' id='word_1_118' title='bbox 687 1358 787 1412; x_wconf 86' lang='lat' dir='ltr'>reddat</span> <span class='ocrx_word' id='word_1_119' title='bbox 804 1361 832 1411; x_wconf 88' lang='lat' dir='ltr'>in</span> <span class='ocrx_word' id='word_1_120' title='bbox 851 1374 936 1411; x_wconf 76' lang='lat' dir='ltr'>arma</span> 
     </span>
     <span class='ocr_line' id='line_1_18' title="bbox 99 1434 956 1505; baseline -0.002 -15"><span class='ocrx_word' id='word_1_121' title='bbox 99 1437 151 1490; x_wconf 89' lang='lat' dir='ltr'>Ter</span> <span class='ocrx_word' id='word_1_122' title='bbox 169 1441 283 1492; x_wconf 88' lang='lat' dir='ltr'>conatus</span> <span class='ocrx_word' id='word_1_123' title='bbox 301 1442 447 1505; x_wconf 87' lang='lat' dir='ltr'>utramque</span> <span class='ocrx_word' id='word_1_124' title='bbox 464 1437 555 1501; x_wconf 80' lang='lat' dir='ltr'>viam3</span> <span class='ocrx_word' id='word_1_125' title='bbox 572 1443 617 1490; x_wconf 86' lang='lat' dir='ltr'>ter</span> <span class='ocrx_word' id='word_1_126' title='bbox 635 1451 762 1488; x_wconf 80' lang='lat' dir='ltr'>nraxuma</span> <span class='ocrx_word' id='word_1_127' title='bbox 782 1434 851 1486; x_wconf 90' lang='lat' dir='ltr'>Iunc</span> <span class='ocrx_word' id='word_1_128' title='bbox 915 1450 956 1488; x_wconf 83' lang='lat' dir='ltr'>css</span> 
     </span>
     <span class='ocr_line' id='line_1_19' title="bbox 99 1511 851 1582; baseline -0.005 -14"><span class='ocrx_word' id='word_1_129' title='bbox 99 1514 246 1579; x_wconf 84' lang='lat' dir='ltr'>Continuit,</span> <span class='ocrx_word' id='word_1_130' title='bbox 266 1516 447 1582; x_wconf 86' lang='lat' dir='ltr'>iuvenemque</span> <span class='ocrx_word' id='word_1_131' title='bbox 465 1514 548 1567; x_wconf 89' lang='lat' dir='ltr'>animi</span> <span class='ocrx_word' id='word_1_132' title='bbox 567 1513 698 1566; x_wconf 86' lang='lat' dir='ltr'>miserata</span> <span class='ocrx_word' id='word_1_133' title='bbox 714 1511 851 1580; x_wconf 85' lang='lat' dir='ltr'>repressit.</span> 
     </span>
     <span class='ocr_line' id='line_1_20' title="bbox 100 1587 855 1658; baseline -0.003 -16"><span class='ocrx_word' id='word_1_134' title='bbox 100 1591 213 1642; x_wconf 84' lang='lat' dir='ltr'>Labitur</span> <span class='ocrx_word' id='word_1_135' title='bbox 231 1591 287 1643; x_wconf 89' lang='lat' dir='ltr'>alta</span> <span class='ocrx_word' id='word_1_136' title='bbox 306 1605 400 1643; x_wconf 86' lang='lat' dir='ltr'>secans</span> <span class='ocrx_word' id='word_1_137' title='bbox 418 1590 559 1658; x_wconf 88' lang='lat' dir='ltr'>fluctuque</span> <span class='ocrx_word' id='word_1_138' title='bbox 578 1591 711 1657; x_wconf 83' lang='lat' dir='ltr'>aestuque</span> <span class='ocrx_word' id='word_1_139' title='bbox 729 1587 855 1654; x_wconf 85' lang='lat' dir='ltr'>secundo,</span> 
     </span>
    </p>

    <p class='ocr_par' dir='ltr' id='par_1_10' title="bbox 99 1663 827 1735">
     <span class='ocr_line' id='line_1_21' title="bbox 99 1663 827 1735; baseline -0.004 -18"><span class='ocrx_word' id='word_1_140' title='bbox 99 1667 134 1718; x_wconf 84' lang='lat' dir='ltr'>Et</span> <span class='ocrx_word' id='word_1_141' title='bbox 153 1667 240 1734; x_wconf 89' lang='lat' dir='ltr'>patris</span> <span class='ocrx_word' id='word_1_142' title='bbox 258 1667 397 1735; x_wconf 89' lang='lat' dir='ltr'>antiquam</span> <span class='ocrx_word' id='word_1_143' title='bbox 418 1664 509 1719; x_wconf 85' lang='lat' dir='ltr'>Dauni</span> <span class='ocrx_word' id='word_1_144' title='bbox 528 1665 653 1719; x_wconf 85' lang='lat' dir='ltr'>defertur</span> <span class='ocrx_word' id='word_1_145' title='bbox 670 1665 706 1718; x_wconf 91' lang='lat' dir='ltr'>ad</span> <span class='ocrx_word' id='word_1_146' title='bbox 723 1663 827 1717; x_wconf 89' lang='lat' dir='ltr'>urbem.</span> 
     </span>
    </p>

    <p class='ocr_par' dir='ltr' id='par_1_11' title="bbox 98 1741 954 1964">
     <span class='ocr_line' id='line_1_22' title="bbox 133 1741 812 1797; baseline -0.007 -1"><span class='ocrx_word' id='word_1_147' title='bbox 133 1743 172 1796; x_wconf 80' lang='lat' dir='ltr'>At</span> <span class='ocrx_word' id='word_1_148' title='bbox 194 1742 266 1796; x_wconf 88' lang='lat' dir='ltr'>Iovis</span> <span class='ocrx_word' id='word_1_149' title='bbox 285 1743 390 1797; x_wconf 82' lang='lat' dir='ltr'>interea</span> <span class='ocrx_word' id='word_1_150' title='bbox 407 1742 520 1796; x_wconf 90' lang='lat' dir='ltr'>monitis</span> <span class='ocrx_word' id='word_1_151' title='bbox 539 1741 693 1796; x_wconf 87' lang='lat' dir='ltr'>Mezentius</span> <span class='ocrx_word' id='word_1_152' title='bbox 711 1741 812 1793; x_wconf 89' lang='lat' dir='ltr'>ardens</span> 
     </span>
     <span class='ocr_line' id='line_1_23' title="bbox 98 1815 954 1887; baseline -0.004 -15"><span class='ocrx_word' id='word_1_153' title='bbox 98 1819 227 1873; x_wconf 79' lang='lat' dir='ltr'>Succedit</span> <span class='ocrx_word' id='word_1_154' title='bbox 244 1836 360 1887; x_wconf 82' lang='lat' dir='ltr'>pugnae,</span> <span class='ocrx_word' id='word_1_155' title='bbox 380 1819 554 1887; x_wconf 83' lang='lat' dir='ltr'>Teucrosque</span> <span class='ocrx_word' id='word_1_156' title='bbox 572 1817 677 1870; x_wconf 81' lang='lat' dir='ltr'>invadit</span> <span class='ocrx_word' id='word_1_157' title='bbox 695 1815 808 1869; x_wconf 86' lang='lat' dir='ltr'>ovantis.</span> <span class='ocrx_word' id='word_1_158' title='bbox 914 1830 954 1869; x_wconf 81' lang='lat' dir='ltr'>oeu</span> 
     </span>
     <span class='ocr_line' id='line_1_24' title="bbox 99 1887 856 1964; baseline -0.007 -16"><span class='ocrx_word' id='word_1_159' title='bbox 99 1896 268 1950; x_wconf 77' lang='lat' dir='ltr'>Concurrunt</span> <span class='ocrx_word' id='word_1_160' title='bbox 287 1895 441 1964; x_wconf 83' lang='lat' dir='ltr'>Tyrrhenae</span> <span class='ocrx_word' id='word_1_161' title='bbox 457 1887 538 1960; x_wconf 76' lang='lat' dir='ltr'>belec,</span> <span class='ocrx_word' id='word_1_162' title='bbox 557 1899 642 1962; x_wconf 89' lang='lat' dir='ltr'>atque</span> <span class='ocrx_word' id='word_1_163' title='bbox 660 1891 784 1947; x_wconf 87' lang='lat' dir='ltr'>omuibus</span> <span class='ocrx_word' id='word_1_164' title='bbox 802 1891 856 1958; x_wconf 84' lang='lat' dir='ltr'>uni,</span> 
     </span>
    </p>

    <p class='ocr_par' dir='ltr' id='par_1_12' title="bbox 99 1969 844 2041">
     <span class='ocr_line' id='line_1_25' title="bbox 99 1969 844 2041; baseline -0.004 -18"><span class='ocrx_word' id='word_1_165' title='bbox 99 1972 151 2024; x_wconf 95' lang='lat' dir='ltr'>Uni</span> <span class='ocrx_word' id='word_1_166' title='bbox 170 1973 295 2041; x_wconf 90' lang='lat' dir='ltr'>odiisque</span> <span class='ocrx_word' id='word_1_167' title='bbox 313 1973 371 2026; x_wconf 85' lang='lat' dir='ltr'>vire</span> <span class='ocrx_word' id='word_1_168' title='bbox 390 1973 507 2040; x_wconf 91' lang='lat' dir='ltr'>telisque</span> <span class='ocrx_word' id='word_1_169' title='bbox 524 1969 715 2038; x_wconf 84' lang='lat' dir='ltr'>frequentibus</span> <span class='ocrx_word' id='word_1_170' title='bbox 733 1969 844 2021; x_wconf 87' lang='lat' dir='ltr'>instant.</span> 
     </span>
    </p>

    <p class='ocr_par' dir='ltr' id='par_1_13' title="bbox 98 2045 854 2192">
     <span class='ocr_line' id='line_1_26' title="bbox 98 2045 854 2118; baseline -0.003 -20"><span class='ocrx_word' id='word_1_171' title='bbox 98 2048 156 2115; x_wconf 89' lang='lat' dir='ltr'>Ille,</span> <span class='ocrx_word' id='word_1_172' title='bbox 175 2049 250 2101; x_wconf 88' lang='lat' dir='ltr'>velut</span> <span class='ocrx_word' id='word_1_173' title='bbox 268 2065 358 2118; x_wconf 85' lang='lat' dir='ltr'>rupes,</span> <span class='ocrx_word' id='word_1_174' title='bbox 376 2052 483 2102; x_wconf 87' lang='lat' dir='ltr'>vastum</span> <span class='ocrx_word' id='word_1_175' title='bbox 503 2063 573 2115; x_wconf 84' lang='lat' dir='ltr'>quae</span> <span class='ocrx_word' id='word_1_176' title='bbox 591 2047 683 2115; x_wconf 85' lang='lat' dir='ltr'>prodit</span> <span class='ocrx_word' id='word_1_177' title='bbox 700 2045 728 2098; x_wconf 92' lang='lat' dir='ltr'>in</span> <span class='ocrx_word' id='word_1_178' title='bbox 746 2059 854 2112; x_wconf 88' lang='lat' dir='ltr'>aequor,</span> 
     </span>
     <span class='ocr_line' id='line_1_27' title="bbox 98 2123 759 2192; baseline 0.003 -18"><span class='ocrx_word' id='word_1_179' title='bbox 98 2123 185 2176; x_wconf 86' lang='lat' dir='ltr'>Obvia</span> <span class='ocrx_word' id='word_1_180' title='bbox 204 2128 347 2178; x_wconf 89' lang='lat' dir='ltr'>ventorum</span> <span class='ocrx_word' id='word_1_181' title='bbox 365 2124 444 2177; x_wconf 84' lang='lat' dir='ltr'>furiis</span> <span class='ocrx_word' id='word_1_182' title='bbox 462 2127 632 2192; x_wconf 80' lang='lat' dir='ltr'>expostaque</span> <span class='ocrx_word' id='word_1_183' title='bbox 650 2126 759 2190; x_wconf 86' lang='lat' dir='ltr'>pente,</span> 
     </span>
    </p>

    <p class='ocr_par' dir='ltr' id='par_1_14' title="bbox 95 2186 955 2878">
     <span class='ocr_line' id='line_1_28' title="bbox 99 2186 945 2269; baseline 0 -19"><span class='ocrx_word' id='word_1_184' title='bbox 99 2200 161 2252; x_wconf 89' lang='lat' dir='ltr'>Vim</span> <span class='ocrx_word' id='word_1_185' title='bbox 180 2205 305 2254; x_wconf 86' lang='lat' dir='ltr'>cunctam</span> <span class='ocrx_word' id='word_1_186' title='bbox 325 2205 409 2269; x_wconf 88' lang='lat' dir='ltr'>atquc</span> <span class='ocrx_word' id='word_1_187' title='bbox 427 2201 514 2253; x_wconf 87' lang='lat' dir='ltr'>minas</span> <span class='ocrx_word' id='word_1_188' title='bbox 533 2199 637 2266; x_wconf 88' lang='lat' dir='ltr'>perfert</span> <span class='ocrx_word' id='word_1_189' title='bbox 655 2186 777 2266; x_wconf 85' lang='lat' dir='ltr'>caelique</span> <span class='ocrx_word' id='word_1_190' title='bbox 795 2196 945 2264; x_wconf 80' lang='lat' dir='ltr'>marisque,</span> 
     </span>
     <span class='ocr_line' id='line_1_29' title="bbox 99 2271 890 2353; baseline -0.001 -27"><span class='ocrx_word' id='word_1_191' title='bbox 99 2274 161 2341; x_wconf 89' lang='lat' dir='ltr'>lpsa</span> <span class='ocrx_word' id='word_1_192' title='bbox 179 2276 283 2328; x_wconf 89' lang='lat' dir='ltr'>inmota</span> <span class='ocrx_word' id='word_1_193' title='bbox 299 2293 430 2329; x_wconf 86' lang='lat' dir='ltr'>rnanens·</span> <span class='ocrx_word' id='word_1_194' title='bbox 424 2277 553 2353; x_wconf 87' lang='lat' dir='ltr'>prolem</span> <span class='ocrx_word' id='word_1_195' title='bbox 572 2274 745 2328; x_wconf 84' lang='lat' dir='ltr'>Dolichaonis</span> <span class='ocrx_word' id='word_1_196' title='bbox 764 2271 890 2326; x_wconf 86' lang='lat' dir='ltr'>Hebrum</span> 
     </span>
     <span class='ocr_line' id='line_1_30' title="bbox 98 2341 927 2420; baseline -0.005 -16.91"><span class='ocrx_word' id='word_1_197' title='bbox 98 2351 200 2404; x_wconf 72' lang='lat' dir='ltr'>Sternit</span> <span class='ocrx_word' id='word_1_198' title='bbox 213 2351 295 2418; x_wconf 91' lang='lat' dir='ltr'>humi,</span> <span class='ocrx_word' id='word_1_199' title='bbox 309 2369 370 2403; x_wconf 92' lang='lat' dir='ltr'>cum</span> <span class='ocrx_word' id='word_1_200' title='bbox 384 2369 437 2419; x_wconf 93' lang='lat' dir='ltr'>quo</span> <span class='ocrx_word' id='word_1_201' title='bbox 436 2341 586 2420; x_wconf 79' lang='lat' dir='ltr'>Latagum</span> <span class='ocrx_word' id='word_1_202' title='bbox 599 2351 778 2418; x_wconf 86' lang='lat' dir='ltr'>Palmumque</span> <span class='ocrx_word' id='word_1_203' title='bbox 790 2348 927 2416; x_wconf 57' lang='lat' dir='ltr'>fugacem,</span> 
     </span>
     <span class='ocr_line' id='line_1_31' title="bbox 97 2424 885 2496; baseline -0.004 -17"><span class='ocrx_word' id='word_1_204' title='bbox 97 2426 151 2479; x_wconf 72' lang='lat' dir='ltr'>Sed</span> <span class='ocrx_word' id='word_1_205' title='bbox 169 2426 304 2493; x_wconf 71' lang='lat' dir='ltr'>Latagum</span> <span class='ocrx_word' id='word_1_206' title='bbox 323 2443 388 2480; x_wconf 87' lang='lat' dir='ltr'>saxo</span> <span class='ocrx_word' id='word_1_207' title='bbox 406 2431 491 2495; x_wconf 90' lang='lat' dir='ltr'>atque</span> <span class='ocrx_word' id='word_1_208' title='bbox 510 2428 614 2496; x_wconf 88' lang='lat' dir='ltr'>ingenti</span> <span class='ocrx_word' id='word_1_209' title='bbox 632 2427 766 2494; x_wconf 84' lang='lat' dir='ltr'>fragmine</span> <span class='ocrx_word' id='word_1_210' title='bbox 784 2424 885 2477; x_wconf 90' lang='lat' dir='ltr'>montis</span> 
     </span>
     <span class='ocr_line' id='line_1_32' title="bbox 96 2501 871 2573; baseline -0.005 -18"><span class='ocrx_word' id='word_1_211' title='bbox 96 2502 217 2573; x_wconf 88' lang='lat' dir='ltr'>Occupat</span> <span class='ocrx_word' id='word_1_212' title='bbox 235 2519 266 2557; x_wconf 90' lang='lat' dir='ltr'>os</span> <span class='ocrx_word' id='word_1_213' title='bbox 284 2503 436 2572; x_wconf 80' lang='lat' dir='ltr'>faciemque</span> <span class='ocrx_word' id='word_1_214' title='bbox 454 2504 604 2571; x_wconf 79' lang='lat' dir='ltr'>adversam,</span> <span class='ocrx_word' id='word_1_215' title='bbox 623 2503 727 2572; x_wconf 84' lang='lat' dir='ltr'>poplite</span> <span class='ocrx_word' id='word_1_216' title='bbox 747 2501 871 2554; x_wconf 84' lang='lat' dir='ltr'>inimum</span> 
     </span>
     <span class='ocr_line' id='line_1_33' title="bbox 96 2579 955 2649; baseline -0.003 -18"><span class='ocrx_word' id='word_1_217' title='bbox 96 2579 204 2632; x_wconf 81' lang='lat' dir='ltr'>Succiso</span> <span class='ocrx_word' id='word_1_218' title='bbox 223 2580 294 2633; x_wconf 86' lang='lat' dir='ltr'>volvi</span> <span class='ocrx_word' id='word_1_219' title='bbox 313 2597 422 2649; x_wconf 73' lang='lat' dir='ltr'>segnem</span> <span class='ocrx_word' id='word_1_220' title='bbox 442 2581 525 2646; x_wconf 85' lang='lat' dir='ltr'>sinit3</span> <span class='ocrx_word' id='word_1_221' title='bbox 544 2597 674 2649; x_wconf 87' lang='lat' dir='ltr'>armaque</span> <span class='ocrx_word' id='word_1_222' title='bbox 693 2579 781 2634; x_wconf 87' lang='lat' dir='ltr'>Lause</span> <span class='ocrx_word' id='word_1_223' title='bbox 915 2589 955 2628; x_wconf 77' lang='lat' dir='ltr'>roo</span> 
     </span>
     <span class='ocr_line' id='line_1_34' title="bbox 100 2654 839 2724; baseline 0 -19"><span class='ocrx_word' id='word_1_224' title='bbox 100 2654 186 2708; x_wconf 85' lang='lat' dir='ltr'>Donat</span> <span class='ocrx_word' id='word_1_225' title='bbox 205 2655 307 2710; x_wconf 89' lang='lat' dir='ltr'>habere</span> <span class='ocrx_word' id='word_1_226' title='bbox 325 2656 446 2710; x_wconf 88' lang='lat' dir='ltr'>humeris</span> <span class='ocrx_word' id='word_1_227' title='bbox 465 2660 494 2709; x_wconf 90' lang='lat' dir='ltr'>et</span> <span class='ocrx_word' id='word_1_228' title='bbox 512 2657 614 2710; x_wconf 90' lang='lat' dir='ltr'>vertice</span> <span class='ocrx_word' id='word_1_229' title='bbox 634 2657 716 2724; x_wconf 86' lang='lat' dir='ltr'>figere</span> <span class='ocrx_word' id='word_1_230' title='bbox 735 2655 839 2706; x_wconf 82' lang='lat' dir='ltr'>cristas.</span> 
     </span>
     <span class='ocr_line' id='line_1_35' title="bbox 95 2730 901 2801; baseline 0.001 -18"><span class='ocrx_word' id='word_1_231' title='bbox 95 2731 225 2785; x_wconf 89' lang='lat' dir='ltr'>Necnon</span> <span class='ocrx_word' id='word_1_232' title='bbox 245 2732 389 2786; x_wconf 79' lang='lat' dir='ltr'>Euanthen</span> <span class='ocrx_word' id='word_1_233' title='bbox 410 2734 564 2801; x_wconf 84' lang='lat' dir='ltr'>Phrygium,</span> <span class='ocrx_word' id='word_1_234' title='bbox 585 2733 746 2799; x_wconf 88' lang='lat' dir='ltr'>Paridisque</span> <span class='ocrx_word' id='word_1_235' title='bbox 766 2730 901 2784; x_wconf 79' lang='lat' dir='ltr'>Mimanta</span> 
     </span>
     <span class='ocr_line' id='line_1_36' title="bbox 95 2807 852 2878; baseline -0.003 -18"><span class='ocrx_word' id='word_1_236' title='bbox 95 2808 247 2876; x_wconf 85' lang='lat' dir='ltr'>Aequalem</span> <span class='ocrx_word' id='word_1_237' title='bbox 266 2809 455 2878; x_wconf 87' lang='lat' dir='ltr'>comitemque,</span> <span class='ocrx_word' id='word_1_238' title='bbox 475 2826 529 2862; x_wconf 89' lang='lat' dir='ltr'>una</span> <span class='ocrx_word' id='word_1_239' title='bbox 548 2827 628 2876; x_wconf 91' lang='lat' dir='ltr'>quem</span> <span class='ocrx_word' id='word_1_240' title='bbox 648 2814 727 2862; x_wconf 89' lang='lat' dir='ltr'>nocte</span> <span class='ocrx_word' id='word_1_241' title='bbox 745 2807 852 2860; x_wconf 85' lang='lat' dir='ltr'>Theano</span> 
     </span>
    </p>

    <p class='ocr_par' dir='ltr' id='par_1_15' title="bbox 94 2882 953 3101">
     <span class='ocr_line' id='line_1_37' title="bbox 95 2882 895 2952; baseline 0 -18"><span class='ocrx_word' id='word_1_242' title='bbox 95 2882 128 2934; x_wconf 91' lang='grc' dir='ltr'>Ιιι</span> <span class='ocrx_word' id='word_1_243' title='bbox 146 2884 235 2936; x_wconf 90' lang='lat' dir='ltr'>lucem</span> <span class='ocrx_word' id='word_1_244' title='bbox 253 2885 370 2952; x_wconf 85' lang='lat' dir='ltr'>genitori</span> <span class='ocrx_word' id='word_1_245' title='bbox 391 2888 494 2952; x_wconf 81' lang='lat' dir='ltr'>Amyco</span> <span class='ocrx_word' id='word_1_246' title='bbox 513 2886 598 2952; x_wconf 87' lang='lat' dir='ltr'>dedit,</span> <span class='ocrx_word' id='word_1_247' title='bbox 618 2891 647 2940; x_wconf 91' lang='lat' dir='ltr'>et</span> <span class='ocrx_word' id='word_1_248' title='bbox 635 2886 723 2940; x_wconf 87' lang='lat' dir='ltr'>tface</span> <span class='ocrx_word' id='word_1_249' title='bbox 742 2897 895 2951; x_wconf 76' lang='lat' dir='ltr'>praegnans</span> 
     </span>
     <span class='ocr_line' id='line_1_38' title="bbox 95 2929 953 3030; baseline 0.009 -23"><span class='ocrx_word' id='word_1_250' title='bbox 95 2956 194 3010; x_wconf 78' lang='lat' dir='ltr'>Cisseis</span> <span class='ocrx_word' id='word_1_251' title='bbox 213 2962 307 3026; x_wconf 85' lang='lat' dir='ltr'>regina</span> <span class='ocrx_word' id='word_1_252' title='bbox 305 2961 418 3013; x_wconf 77' lang='lat' dir='ltr'>&#39;Parim</span> <span class='ocrx_word' id='word_1_253' title='bbox 436 2963 527 3015; x_wconf 86' lang='lat' dir='ltr'>creat:</span> <span class='ocrx_word' id='word_1_254' title='bbox 545 2929 614 3014; x_wconf 71' lang='lat' dir='ltr'>urbe</span> <span class='ocrx_word' id='word_1_255' title='bbox 632 2966 747 3030; x_wconf 88' lang='lat' dir='ltr'>paterna</span> <span class='ocrx_word' id='word_1_256' title='bbox 831 2967 835 2974; x_wconf 93' lang='lat'>&#39;</span> <span class='ocrx_word' id='word_1_257' title='bbox 914 2969 953 3011; x_wconf 77' lang='lat'>⁷0⁶</span> 
     </span>
     <span class='ocr_line' id='line_1_39' title="bbox 94 3029 848 3101; baseline 0.009 -22"><span class='ocrx_word' id='word_1_258' title='bbox 94 3029 235 3085; x_wconf 89' lang='lat' dir='ltr'>Occubat·</span> <span class='ocrx_word' id='word_1_259' title='bbox 230 3037 378 3101; x_wconf 74' lang='lat' dir='ltr'>,ignarum</span> <span class='ocrx_word' id='word_1_260' title='bbox 397 3036 520 3089; x_wconf 86' lang='lat' dir='ltr'>Laurens</span> <span class='ocrx_word' id='word_1_261' title='bbox 538 3035 622 3090; x_wconf 87' lang='lat' dir='ltr'>habet</span> <span class='ocrx_word' id='word_1_262' title='bbox 610 3041 689 3091; x_wconf 89' lang='lat' dir='ltr'>tora</span> <span class='ocrx_word' id='word_1_263' title='bbox 706 3036 848 3088; x_wconf 88' lang='lat' dir='ltr'>Mimanta.</span> 
     </span>
    </p>

    <p class='ocr_par' dir='ltr' id='par_1_16' title="bbox 94 3104 809 3167">
     <span class='ocr_line' id='line_1_40' title="bbox 94 3104 809 3167; baseline 0.015 -16"><span class='ocrx_word' id='word_1_264' title='bbox 94 3104 136 3152; x_wconf 87' lang='lat' dir='ltr'>Ae</span> <span class='ocrx_word' id='word_1_265' title='bbox 154 3107 228 3159; x_wconf 87' lang='lat' dir='ltr'>velut</span> <span class='ocrx_word' id='word_1_266' title='bbox 246 3109 308 3162; x_wconf 88' lang='lat' dir='ltr'>ille·</span> <span class='ocrx_word' id='word_1_267' title='bbox 311 3128 407 3163; x_wconf 91' lang='lat' dir='ltr'>canum</span> <span class='ocrx_word' id='word_1_268' title='bbox 427 3128 519 3164; x_wconf 88' lang='lat' dir='ltr'>morsu</span> <span class='ocrx_word' id='word_1_269' title='bbox 537 3111 728 3167; x_wconf 87' lang='lat' dir='ltr'>dementibus</span> <span class='ocrx_word' id='word_1_270' title='bbox 746 3110 809 3163; x_wconf 82' lang='lat' dir='ltr'>eltis</span> 
     </span>
    </p>

    <p class='ocr_par' dir='ltr' id='par_1_17' title="bbox 18 3174 848 3261">
     <span class='ocr_line' id='line_1_41' title="bbox 18 3174 848 3261; baseline 0.018 -38"><span class='ocrx_word' id='word_1_271' title='bbox 18 3254 25 3261; x_wconf 63' lang='lat'><em>„</em></span> <span class='ocrx_word' id='word_1_272' title='bbox 94 3174 184 3228; x_wconf 87' lang='lat' dir='ltr'>Actus</span> <span class='ocrx_word' id='word_1_273' title='bbox 200 3195 274 3247; x_wconf 83' lang='lat' dir='ltr'>aper,</span> <span class='ocrx_word' id='word_1_274' title='bbox 292 3186 392 3237; x_wconf 87' lang='lat' dir='ltr'>multos</span> <span class='ocrx_word' id='word_1_275' title='bbox 411 3185 529 3238; x_wconf 78' lang='lat' dir='ltr'>Vesulus</span> <span class='ocrx_word' id='word_1_276' title='bbox 548 3203 628 3251; x_wconf 87' lang='lat' dir='ltr'>quem</span> <span class='ocrx_word' id='word_1_277' title='bbox 647 3189 746 3255; x_wconf 79' lang='lat' dir='ltr'>pinifer</span> <span class='ocrx_word' id='word_1_278' title='bbox 763 3201 848 3240; x_wconf 86' lang='lat' dir='ltr'>annos</span> 
     </span>
    </p>
   </div>
   <div class='ocr_carea' id='block_1_3' title="bbox 0 0 1090 3506">
    <p class='ocr_par' dir='ltr' id='par_1_18' title="bbox 0 0 1090 3506">
     <span class='ocr_line' id='line_1_42' title="bbox 0 0 1090 3506; baseline 0 3"><span class='ocrx_word' id='word_1_279' title='bbox 0 0 1090 3506; x_wconf 95' lang='lat' dir='ltr'> </span> 
     </span>
    </p>
   </div>
  </div>
 </body>
</html>
