2174 3502
418 149 599 200 AENEIDOS
616 150 684 199 LIB.
702 151 753 199 VI.
960 153 1007 200 208

155 237 245 288 Laeta
263 233 346 285 deum
362 225 452 299 psirtu,
469 233 577 284 eentum
596 230 727 299 conplexa
742 233 864 300 nepotes,

153 311 255 364 (hnms
271 307 420 374 caelicolas,
438 307 525 360 onmis
542 323 641 374 supera
658 307 715 361 alta
731 307 857 362 tenentia
869 327 883 364 κ

154 389 221 439 iluc
239 385 363 453 geminas
379 400 450 437 nnnc
467 382 547 436 flecte
564 383 643 450 acies,
661 383 730 437 hane
746 384 838 452 aspice
854 387 965 452 gentem

154 462 353 529 Romanosque
369 463 438 514 tuos.
475 459 529 512 Hie
548 459 649 513 Caesar
665 463 695 514 et
712 461 800 514 omnis
818 459 871 513 iuli
988 456 991 463 '

155 537 315 605 Progenies,
332 553 458 603 magnum
476 535 543 588 caeli
561 539 676 590 ventura
693 536 744 590 sub
762 553 849 590 axem.
973 549 1009 592 Μ

156 614 214 666 Hie
232 614 281 678 vir,
298 612 343 664 hie
360 615 410 679 est,
428 612 480 665 tibi
498 629 580 679 quem
597 613 720 680 promitti
738 612 846 681 saepius
863 613 948 679 audis,

156 691 305 757 Augustus
324 689 431 755 Caesar,
451 688 512 740 Divi
529 705 621 756 genus,
640 705 722 742 aurea
739 689 838 742 condet

156 765 273 818 Saecula
291 765 338 833 qui
356 781 449 818 narsus
469 765 548 817 Latio
566 769 678 832 regnata
695 782 746 834 per
762 781 827 818 arva

156 841 278 894 Saturno
297 841 442 908 quondam,
460 857 543 908 super
560 844 588 894 et
607 841 785 896 Garamantas
803 845 832 894 et
852 841 935 894 Indos

158 917 287 970 l’roseret
305 918 453 984 inperium;
470 918 541 970 iacet
560 920 639 970 extra
656 917 747 970 sidera
765 918 852 984 tellus,
973 931 1010 972 tes

158 993 246 1046 Extra
264 994 327 1045 aurini
346 993 465 1062 solisque
483 994 546 1060 vias,
565 993 612 1046 ubi
629 994 739 1048 caelifer
760 994 838 1046 Atlas

158 1072 251 1123 Axem
269 1069 382 1121 lmmero
400 1073 512 1137 torquet
530 1069 616 1123 stellis
633 1069 793 1123 ardentibus
811 1076 912 1137 aptum.

159 1145 251 1198 liuius
270 1145 296 1197 iu
315 1145 462 1198 adveutum
480 1146 535 1198 iam
552 1149 670 1200 nuncet
689 1146 786 1213 Caeliis
804 1162 888 1212 regna

159 1221 310 1288 Responsis
326 1221 439 1275 horrent
456 1221 547 1274 divom
565 1225 594 1275 et
613 1222 732 1275 Maeotia
750 1223 837 1283 tellus

159 1298 197 1350 lit
216 1298 421 1364 septemgemini
439 1297 554 1351 turbant
571 1298 681 1366 trepida
699 1299 768 1352 ostia
787 1299 850 1352 Nili.
973 1313 1011 1351 suu

158 1372 184 1424 N
188 1389 219 1426 ee
238 1389 303 1425 vero
322 1373 433 1426 Alcides
451 1377 558 1428 tantum
576 1373 682 1426 telluris
701 1373 791 1439 obivit,

159 1448 270 1502 Fixerit
287 1449 442 1516 aeripedem
460 1466 567 1502 cervam
585 1449 656 1515 licet,
675 1455 722 1503 aut
742 1450 900 1517 Erymanthi

159 1525 271 1578 l'acerit
287 1540 405 1590 nemora,
424 1524 587 1579 othomam
606 1527 791 1580 tremefecerit
809 1543 887 1592 nren;

158 1602 227 1666 Nec,
246 1601 293 1669 qui
311 1602 460 1669 pampineis
477 1603 564 1655 victor
582 1601 645 1670 ingo
662 1602 751 1656 flectit
769 1603 888 1669 habenis,

159 1677 253 1745 Liber,
271 1694 354 1745 agens
372 1678 443 1731 celso
463 1678 552 1746 Nysae
570 1679 605 1731 de
624 1679 726 1732 vertice
745 1679 829 1746 tigris.
975 1693 1010 1731 ees

158 1755 198 1807 Et
216 1752 373 1806 dubitamus
390 1754 488 1827 adhue
497 1755 627 1808 virtutem
645 1754 795 1808 extendere
813 1755 900 1820 ficetis,

159 1833 222 1884 Ant
241 1834 329 1882 metus
350 1831 469 1882 ilnsonia
487 1830 614 1897 prohibet
632 1830 779 1884 consistere
797 1833 888 1884 terrai

159 1907 229 1971 Quis
247 1905 340 1973 procul
357 1906 402 1959 ille
420 1913 512 1960 autem
530 1907 613 1959 ranris
630 1907 743 1974 insignis
760 1907 846 1959 olivae

159 1983 245 2037 Sacra
262 1983 369 2036 serensi
388 1985 413 2036 N
416 1999 477 2036 eaeo
495 1984 578 2036 erinis
595 1984 745 2052 incanaque
763 1987 856 2036 menta

133 2053 135 2057 ⁴
159 2059 247 2126 Regis
267 2059 388 2125 llonrani,
406 2060 521 2128 primam
540 2060 587 2128 qui
604 2059 710 2128 legibus
728 2060 823 2113 urbem
976 2074 1012 2113 sio

160 2135 309 2202 Fundabit,
328 2136 444 2189 Curibus
461 2135 552 2205 parvis
571 2140 600 2190 ct
617 2153 737 2205 paupere
756 2141 829 2190 terra

159 2212 263 2265 Missus
280 2212 307 2264 in
325 2212 457 2280 inperium
475 2228 610 2278 maguum.
646 2212 696 2266 Oui
715 2212 814 2266 deinde
832 2211 943 2277 subibit,

160 2288 228 2342 Otia
244 2289 291 2357 qui
310 2293 418 2357 rumpet
435 2289 540 2356 patriae
557 2288 715 2358 residesque
733 2288 853 2342 movebit

160 2365 256 2418 'lullus
274 2365 301 2417 in
320 2381 394 2418 arnna
411 2366 481 2419 viros
498 2369 528 2419 et
545 2366 599 2418 iam
617 2366 731 2420 desueta
748 2366 892 2434 triumphis

164 2441 289 2507 Agmina.
327 2441 413 2504 Quem
431 2441 508 2495 iuxta
526 2442 651 2509 sequitur
668 2443 811 2496 iactantior
831 2448 932 2506 Ancus,
977 2456 1011 2492 ers

163 2516 241 2569 Nunc
260 2533 366 2584 quoque
384 2517 438 2570 iam
456 2517 569 2571 nimium
590 2519 712 2585 gaudens
732 2517 908 2586 popularibus
929 2517 1009 2568 auris.

163 2592 213 2645 Vis
231 2596 260 2645 et
278 2592 438 2662 Tarquinios
455 2611 541 2662 reges,
561 2595 733 2662 animamque
752 2594 896 2661 superbam

93 2726 98 2734 ,
163 2668 267 2722 Ultoris
286 2668 375 2736 Bruti,
393 2670 533 2737 fascesque
551 2669 645 2722 videre
663 2671 805 2737 receptos?

163 2744 287 2798 Consulis
305 2745 439 2812 inperium
457 2745 501 2798 hie
519 2745 621 2812 primus
640 2758 786 2822 saevasque
805 2760 912 2798 secures

163 2821 296 2888 Accipiet,
313 2825 445 2889 natosque
463 2824 628 2890 paternave
646 2820 717 2874 bella
734 2821 866 2875 moventis
976 2828 1012 2867 ⁸2⁰

163 2895 210 2949 Ad
228 2913 343 2964 poenam
360 2897 472 2965 pulchra
489 2914 538 2964 pro
555 2896 685 2950 libertate
703 2897 816 2959 vocabit,

163 2972 277 3028 Infelix!
297 2969 453 3041 Utemnqne
471 2973 560 3025 ferent
578 2989 611 3025 ea
628 2973 701 3027 lacta
719 2973 843 3036 minores,

164 3047 263 3102 Vincet
280 3065 356 3102 amor
373 3050 478 3116 patrino
496 3047 662 3117 laudumque
679 3049 802 3101 inmensa
819 3044 924 3112 cupido.

165 3125 235 3189 Quin
253 3125 352 3179 Decios
370 3126 528 3191 Drusosque
545 3126 638 3191 procul
657 3138 821 3191 saevumque
840 3121 928 3175 securi

165 3201 265 3269 Aspice
282 3201 451 3268 Torquatum
469 3203 497 3252 ot
515 3198 678 3250 referentem
697 3197 774 3260 signa
791 3196 941 3249 Camillum
976 3209 1012 3248 eae
