2174 3502
367 177 444 224 AEN
447 177 550 225 EIDOS
567 175 634 224 LIB.
653 175 718 223 VII.
773 194 781 212 ·
916 178 962 226 215

113 260 232 316 Goniicit
249 259 331 326 inque
349 256 438 309 sinum
455 256 613 324 praecordia
630 256 666 309 ad
683 257 780 310 intima
797 257 898 323 subdit,

113 337 175 402 Quo
191 335 339 390 furibunda
357 332 468 386 domum
485 336 606 386 monstro
623 332 785 401 permisceat
803 349 916 388 omnem

113 413 175 478 Ille,
192 413 268 465 inter
285 414 377 464 vestes
395 413 424 463 et
441 410 511 463 levia
527 412 640 476 pectora
658 409 756 476 lapsus,

112 487 244 540 Volvitur
261 489 367 539 attactu
384 483 607 552 nulloJfallitque
624 485 769 552 furentem,
929 500 965 540 353

112 563 265 632 vipeream
282 562 416 630 inspirans
434 544 565 625 anim&
583 561 616 612 fit
633 561 727 634 tor-tile
744 561 812 614 eollo

113 643 223 696 Aurum
241 639 336 706 ingens
353 637 472 705 coluber,
490 635 523 690 fit
539 636 635 704 longae
651 637 743 693 taenia
760 637 853 703 vittae,

113 715 291 786 Ione-etitque
309 729 406 779 comas,
425 717 454 766 et
470 711 599 766 membris
617 711 736 766 lubricus
754 716 835 766 errat

97 790 241 844 -Acdum
259 791 347 858 prima
364 789 422 870 lues
439 789 495 842 udo
513 783 639 857 sublapsa
656 805 759 842 veneno

113 866 290 934 Pertemptat
306 881 402 918 sensus
420 857 503 933 atq'ise
521 863 625 918 ossibus
643 864 753 933 inplicat
770 867 867 934 ignem,
930 883 965 920 355

114 942 241 996 Necdum
259 942 364 995 animus
381 943 441 995 toto
458 941 581 1009 percepit
597 936 707 1008 pectore
724 937 867 1010 flammam,

113 1016 233 1081 Molitus,
252 1022 282 1071 ct
300 1019 379 1070 solito
396 1021 514 1071 matrum
530 1017 568 1070 llo
585 1033 668 1082 more,
686 1017 775 1071 locuta
793 1022 843 1085 est,

7 1087 9 1150 ἑ
113 1084 212 1148 Multa?
223 1111 305 1162 super
322 1085 387 1147 ffdta
403 1093 547 1146 lacrimans
568 1093 745 1161 Phrygiisque
763 1095 929 1162 hymenaeis:

7 1159 9 1228 i
115 1170 297 1224 llxsulibusne
315 1169 398 1222 datur
416 1169 540 1222 ducenda
558 1169 670 1221 Lavinia
688 1170 805 1237 Teucris,

7 1255 9 1260 ‘
114 1245 138 1298 0
156 1247 283 1314 genitori
301 1262 350 1299 nec
368 1250 397 1299 tc
415 1245 526 1298 miseret
543 1249 696 1312 gnataeque
713 1246 825 1314 tuique?
930 1261 966 1300 sn

7 1343 8 1348 ¹
114 1322 140 1374 N
142 1339 173 1374 ce
192 1322 288 1375 matris
305 1323 425 1388 miseret,
442 1337 523 1390 quam
541 1321 628 1389 primo
647 1321 772 1388 aquilone
790 1323 927 1391 relinquet

115 1397 251 1464 Perfidus,
269 1397 324 1450 alta
341 1401 438 1466 petens
455 1397 574 1450 abducta
591 1397 703 1464 virgine,
723 1397 842 1464 praedol

7 1533 8 1538 Ἰ
115 1477 156 1527 At
174 1491 229 1527 non
247 1475 286 1526 sie
304 1472 437 1540 Phrygius
454 1476 582 1542 penetrat
600 1472 805 1526 Lacedaemona
822 1479 916 1543 pastor

115 1550 309 1618 Ledaeamque
329 1549 460 1602 Helenam
480 1549 608 1602 Troianas
627 1547 702 1601 vexit
720 1547 756 1601 ad
773 1551 862 1604 urbes.

113 1625 190 1690 Quid
208 1629 257 1678 tna
275 1630 367 1678 sancta
385 1625 469 1678 fidesl
489 1625 556 1692 quid
574 1641 639 1677 cura
655 1625 768 1693 antiqua
786 1631 894 1680 tuorum
930 1641 966 1680 335

114 1703 152 1756 Et
170 1702 369 1769 consanguineo
385 1702 485 1770 totiens
505 1702 570 1754 data
588 1702 702 1754 dextera
721 1702 828 1756 'l'nrnol

114 1779 143 1832 Si
160 1794 247 1845 gener
264 1782 377 1832 externa
394 1773 499 1845 petitur
517 1777 551 1830 de
569 1780 651 1844 gente
670 1777 781 1844 Latinis,

114 1854 207 1922 quue
225 1853 310 1921 sedet,
329 1851 470 1920 Faunique
489 1857 616 1920 premunt
633 1857 662 1904 te
680 1854 752 1906 iussa
769 1854 897 1922 parentis,

114 1931 232 1982 Omnem
250 1929 377 1996 equidem
395 1929 508 1997 sceptris
526 1933 628 1981 terram
647 1946 716 1996 quae
733 1929 820 1982 libera
837 1930 937 1982 nostris

113 2005 246 2070 Dissidet,
265 2009 405 2059 externam
423 2021 491 2070 reor,
511 2009 540 2058 et
558 2007 595 2058 sic
613 2005 705 2056 dicere
723 2005 805 2057 divos.
931 2019 966 2060 370

114 2083 152 2134 lit
172 2082 269 2148 Turno,
288 2083 311 2133 si
328 2082 415 2149 prima
432 2081 529 2134 domus
546 2084 689 2146 repetetur
707 2081 789 2147 origo,

20 2211 35 2228 ,
115 2158 235 2210 Inachus
254 2157 429 2224 Acrisiusque
446 2159 540 2223 patres
558 2156 718 2224 mediaeque
737 2156 873 2224 Mycenae.

154 2233 204 2286 llis
221 2233 266 2285 ubi
284 2233 449 2302 nequiquam
468 2233 548 2286 dictis
566 2235 680 2300 experta
698 2232 824 2286 Latinum

114 2310 220 2362 Contra
237 2312 310 2362 stare
328 2308 411 2376 videt,
429 2309 592 2376 penitusque
602 2309 637 2360 *in
655 2308 758 2390 viso-ega
775 2308 879 2376 lapsum

114 2384 370 2456 Serpentis'furiele
387 2385 494 2452 malum,
512 2387 653 2452 totamque
671 2379 801 2452 pererrat,
932 2401 967 2440 375

114 2461 185 2513 Tum
204 2476 267 2512 vero
284 2455 388 2526 infelix,
406 2461 561 2528 ingentibus
581 2461 669 2514 excita
686 2461 821 2527 monstris,

7 2541 9 2546 '
115 2537 273 2590 inmensam
292 2527 360 2590 sin'e‘
369 2553 444 2589 more
462 2537 528 2591 furit
545 2537 683 2614 lymphata
701 2554 750 2605 per
767 2537 876 2591 urbem:

90 2612 174 2694 JtCen
194 2609 330 2684 quondam
348 2616 421 2666 torto
439 2613 554 2666 volitans
573 2613 623 2665 snb
641 2613 755 2666 verbere
773 2611 862 2686 turbo,

85 2695 92 2720 ='
115 2688 204 2751 Quem
222 2684 300 2755 puell
317 2703 414 2755 magno
432 2690 459 2741 in
477 2704 543 2756 gyro
561 2705 645 2742 vacua
663 2690 734 2742 atria
751 2688 852 2742 circum

116 2764 223 2818 Intenti
240 2763 306 2816 ludo
324 2759 467 2830 exercent3
485 2765 531 2818 ille
549 2769 626 2818 aetus
644 2765 749 2819 habena
931 2780 968 2818 353

115 2839 244 2895 Curvatis
262 2837 349 2893 fertur
367 2842 475 2908 spatiis;
494 2845 587 2910 stupet
604 2842 689 2896 inscia
706 2858 787 2910 supra
814 2845 820 2856 '

115 2915 295 2984 inpubesque
312 2932 415 2984 manuel,
433 2918 532 2972 mirata
549 2917 667 2972 volubile
684 2918 802 2982 buxum3

115 2991 193 3044 Dant
210 2992 313 3045 animos
330 2992 453 3061 plagae„·
470 2993 496 3046 N
498 3010 532 3046 on
550 3010 631 3047 cursu
649 2994 756 3061 segnior
772 2992 818 3046 illo

115 3067 171 3120 Per
188 3067 293 3121 medias
310 3063 392 3122 urbe⁸s
410 3070 502 3137 agitur
518 3070 685 3138 populosque
703 3068 807 3121 ferocis.

116 3143 189 3206 Quin
207 3143 290 3196 etiam
308 3145 336 3197 in
354 3145 441 3212 silvas,
460 3145 586 3198 simulato
604 3145 714 3195 numine
732 3142 840 3210 Bacchi,
933 3157 970 3196 335

115 3216 207 3272 Maius
225 3217 324 3286 adorta
340 3219 416 3274 nefas
433 3220 618 3285 maioremque
635 3232 696 3294 offis
713 3216 841 3280 furorem,
