2172 3506
135 145 182 192 264
388 143 418 188 P.
437 137 593 188 VERGILI
613 135 780 186 MARONIS

134 223 202 276 Tum
222 220 316 275 Bitian
333 219 477 274 ardentem
495 218 579 274 oculis
600 217 751 287 animisqde
769 217 947 289 frementem,

134 299 197 353 Non
215 298 320 364 iaculo;
341 313 431 367 neque
450 296 523 350 enim
538 296 625 350 iaculo
642 295 727 350 vitam
746 295 793 349 ille
811 296 949 363 dedisset;

135 373 191 427 Sed
208 390 338 442 magnum
358 373 477 428 stridens
498 376 623 426 contorta
640 371 777 441 phalarica
797 373 879 438 venit,
948 387 984 428 roo

136 450 269 504 Fulminis
286 454 347 504 eota
364 449 459 515 modo;
483 465 565 518 quam
583 465 633 503 nec
651 448 704 502 duo
722 452 818 501 taurea
836 453 924 518 terga,

136 526 161 578 N
164 543 195 579 ec
214 526 317 596 duplici
337 542 449 595 squama
469 526 553 579 lorica
572 525 661 579 tidelis
679 529 709 580 et
720 541 794 578 auro

136 602 287 668 Sustinuit3
305 603 431 670 conlapsa
445 605 529 655 ruunt
540 601 664 654 inmania
682 601 810 654 membra

136 677 192 731 Dat
207 679 289 732 tellus
308 679 447 746 gemitum,
466 681 495 730 et
514 677 630 745 elipeum
648 693 729 745 super
748 677 854 730 intonat
870 678 974 747 ingens

137 753 209 808 Talis
228 755 257 808 in
276 754 395 808 Euboico
414 754 541 808 Baiarum
561 754 641 807 litore
660 753 795 821 quondam
950 767 986 807 777

137 831 224 884 Saxea
243 831 298 900 pila
315 831 396 897 cadit,
418 829 524 898 magnis
543 846 625 896 quarn
645 829 761 882 molibus
779 833 843 882 snite

138 907 327 961 Constructam
346 910 431 975 ponto
450 905 565 960 iaciunt:
590 905 628 958 sic
643 905 690 958 illa
710 906 813 958 ruinam

138 981 227 1035 Prona
246 983 337 1049 trabit,
356 983 519 1050 penitusque
537 981 615 1034 vadis
633 981 713 1034 inlisa
731 980 869 1034 recumbit
873 1002 880 1047 ;

138 1057 255 1113 Miscent
275 1075 304 1111 se
322 1059 414 1126 maria,
434 1061 463 1111 et
480 1057 573 1126 nigrae
593 1057 757 1110 attolluntur
776 1073 890 1121 arenae;

138 1134 205 1186 Tum
220 1135 311 1188 sonitu
329 1134 463 1202 Prochyta
479 1133 535 1186 alta
546 1133 649 1199 tremit,
662 1133 817 1200 durumque
829 1132 920 1188 cubile
950 1149 987 1191 na

139 1209 257 1262 Inarime
277 1210 350 1263 Iovis
370 1209 482 1278 inperiis
501 1209 609 1276 inposta
629 1208 760 1276 Typhone.

174 1286 227 1338 Hic
246 1285 321 1338 Mars
339 1286 506 1352 armipotens
524 1285 643 1340 animum
661 1285 781 1352 virisque
800 1285 906 1340 Latin'rs

141 1361 264 1429 Addidit,
283 1365 312 1414 et
330 1360 453 1414 stimulos
471 1361 541 1413 acris
560 1359 611 1413 sub
629 1365 740 1428 pectore
758 1361 855 1426 vertit;

139 1438 301 1504 immisitque
320 1437 424 1504 Fugam
443 1435 553 1489 Teucris
570 1439 717 1504 atrumque
735 1437 880 1492 Timorem.

139 1513 267 1580 Undique
285 1512 456 1578 conveniunt,
475 1512 603 1580 quoniam
621 1511 686 1566 data
704 1512 782 1578 copia
799 1529 914 1580 pugnae,
949 1529 986 1570 rao

140 1589 314 1655 Bellatorque
332 1587 422 1640 animo
441 1587 509 1640 deus
526 1587 629 1641 incidit

140 1663 286 1729 Pandarus,
303 1666 335 1716 ut
352 1663 412 1716 fuso
429 1679 590 1729 germanum
608 1681 720 1733 corpore
738 1666 833 1731 cernit,

139 1739 174 1792 llt
192 1755 245 1807 quo
264 1739 299 1791 sit
317 1739 425 1792 fortuna
442 1739 509 1807 loco,
527 1740 575 1808 qui
592 1756 670 1796 casus
687 1744 752 1808 agat
770 1757 820 1794 res.

138 1816 250 1869 Portam
268 1816 294 1868 vi
312 1815 399 1869 multa
417 1832 551 1874 converso,
563 1815 673 1870 cardine
692 1819 810 1885 torquet,

138 1890 261 1945 Obnixus
279 1891 343 1944 latis
361 1891 488 1958 humeris,
507 1892 661 1960 multosque
679 1908 789 1946 suorum
950 1910 986 1950 ras

22 1956 27 1970 ’
137 1967 281 2020 Moenibus
298 1967 420 2020 exclusos
439 1967 507 2020 duro
524 1969 552 2020 in
570 1967 716 2022 certamine
733 1969 846 2037 linquit;

138 2044 192 2096 Ast
210 2043 277 2097 alios
296 2059 388 2096 secum
405 2043 522 2096 includit
539 2044 692 2112 recipitque
709 2046 823 2112 ruentis,

137 2118 270 2173 Demens!
290 2119 337 2188 qui
356 2119 489 2172 Rutulum
506 2119 535 2172 in
552 2120 643 2173 medio
661 2137 714 2174 non
732 2123 840 2188 agmine
858 2138 952 2188 regem

137 2195 248 2248 Viderit
266 2195 477 2264 inrumpentem,
495 2195 621 2264 ultroque
639 2196 779 2250 incluserit
796 2197 868 2266 urbi,

138 2272 279 2324 inmanem
297 2271 381 2323 veluti
399 2286 498 2338 pecora
514 2271 703 2326 internuntia
720 2273 821 2340 tigrim.
950 2288 989 2329 reo

137 2347 272 2400 Continuo
290 2361 359 2397 nova
376 2345 424 2398 lux
442 2347 525 2400 oculis
543 2347 651 2416 effulsit,
670 2352 699 2402 et
717 2364 792 2402 erma

138 2421 314 2476 Horrendnnr
332 2437 462 2487 sonuere;
481 2425 602 2478 tremunt
619 2424 648 2476 in
665 2425 768 2479 vertice
786 2428 886 2480 cristae

137 2499 314 2566 Sanguineas,
333 2497 474 2566 clipeoque
491 2498 620 2559 micantia
636 2500 751 2554 fulmina
768 2503 864 2556 mittit.

138 2575 318 2642 Adgnoscunt
334 2573 433 2627 faciem
449 2573 564 2628 invisam
582 2581 666 2645 atque
683 2577 802 2631 inmania
820 2578 943 2632 membra

137 2650 251 2703 Turbati
269 2648 360 2702 subito
381 2650 536 2704 Aeneadae.
573 2651 642 2704 Tum
662 2653 802 2706 Pandarus
820 2655 916 2720 ingens
951 2669 990 2708 73⁵

138 2727 250 2792 Emicat,
270 2727 299 2778 et
317 2725 413 2780 mortis
431 2725 569 2780 fraternae
587 2727 709 2781 fervidus
726 2729 772 2794 ira

138 2801 255 2856 Effatur:
275 2800 300 2852 N
303 2817 337 2853 on
354 2800 422 2854 hacc
441 2801 540 2854 dotalis
557 2805 634 2870 regia
652 2805 785 2870 Amatae3

137 2878 163 2929 N
165 2894 196 2930 ec
213 2876 298 2929 muris
316 2875 425 2930 cohibet
442 2877 539 2945 patriis
558 2879 648 2932 media
667 2880 762 2934 Ardea
780 2881 908 2935 Turnum.

137 2953 235 3004 Castra
251 2951 361 3004 inimica
378 2951 455 3004 vides
464 2972 470 3016 ;
488 2952 562 3006 nulla
579 2953 642 3007 hinc
660 2955 735 3009 exire
753 2959 882 3024 potestas.

137 3025 191 3077 Olli
209 3025 355 3079 subridens
373 3027 468 3079 sedato
485 3031 596 3094 pectore
615 3030 735 3086 Turnus:
953 3045 992 3090 tn

139 3099 238 3166 Incipe,
257 3101 281 3152 si
299 3116 353 3166 qua
369 3101 458 3153 animo
477 3102 571 3168 virtus,
590 3107 620 3157 et
637 3121 749 3160 consere
767 3107 910 3176 dextram3

138 3169 192 3222 Hic
209 3173 294 3224 etiam
311 3173 452 3227 inventum
471 3175 579 3230 Priamo
597 3180 722 3236 narrabis
741 3182 875 3238 Achillen.
