2152 3506
86 150 132 197 128
319 145 347 194 P.
366 144 520 194 VERGILI
537 145 704 194 MARONIS

84 228 128 280 Sic
146 227 199 291 ait;
217 229 246 279 et
264 227 353 279 cuncti
372 226 445 279 dieto
462 241 589 293 paremus
607 229 726 282 orantes,

85 303 164 355 Hane
183 319 290 370 quoquc
309 302 461 355 deserimus
475 301 579 366 sedern,
597 303 745 371 paucisque
763 305 866 358 relictis
903 321 939 360 reo

84 379 155 431 Vela
172 379 275 444 damus,
293 381 455 445 vastumque
473 393 538 430 cava
556 377 635 431 trabe
654 381 790 432 currimus
808 397 917 450 aequor.

119 453 268 522 Postquam
295 454 380 507 altum
407 458 521 507 tenuere
549 457 630 521 rates,
659 471 709 506 nee
738 455 792 508 iam
821 458 938 526 amplius

152 531 224 584 ullae

84 609 230 676 Adparent
246 611 345 672 terrae,
363 605 467 659 caelum
485 605 606 673 undique
624 609 653 658 et
671 607 793 675 undique
810 613 919 676 pentus,

83 684 151 736 'l'um
169 684 235 736 mihi
253 683 393 736 caeruleus
412 698 493 749 supra
511 685 593 749 eaput
611 683 719 736 adstitit
738 683 832 746 imber,

83 760 199 814 Noctem
217 761 386 825 hiememque
399 758 497 822 ferens,
514 761 543 810 ct
560 757 695 811 inhorruit
712 758 787 810 unda
804 759 913 812 tenehri
923 794 934 812 =.

84 836 217 890 Continuo
236 835 309 888 venti
329 835 439 887 volvunt
456 849 531 885 mare
549 850 702 901 magnaque
720 838 838 902 surgunt
901 851 937 888 rso

84 914 228 980 Aequora3
247 911 364 980 dispersi
383 910 516 964 iactamur
533 909 643 976 gurgite
661 914 753 974 vast03

85 987 226 1041 Involvere
245 988 316 1040 diem
335 985 428 1052 nimbi,
447 988 476 1038 ct
493 1001 547 1036 nox
565 984 678 1038 humida
696 985 801 1040 eaelum

84 1056 406 1130 Abstulit;inge1hinant
425 1061 549 1129 abruptis
567 1061 684 1119 nubibus
701 1061 785 1129 ignes.
808 1076 814 1082 ·

83 1140 243 1193 Excutimur
261 1155 347 1204 cursu,
366 1141 395 1190 et
413 1138 499 1190 caeeis
518 1154 641 1189 erramus
659 1139 686 1189 in
705 1137 792 1190 undis.
900 1152 935 1190 aee

44 1215 46 1222 '
84 1217 148 1285 Ipse
166 1217 238 1270 diem
257 1219 419 1282 noctemque
437 1218 520 1280 negat
539 1213 695 1266 discernere
713 1213 795 1279 eaelo,

82 1291 141 1346 Nec
158 1293 313 1346 meminisse
332 1291 391 1344 viae
409 1289 502 1343 media
521 1289 665 1342 Palinurus
683 1289 711 1341 in
729 1289 810 1342 unda.

82 1369 143 1422 Tris
160 1370 230 1423 adeo
248 1369 366 1421 incertos
386 1383 465 1420 caeca
483 1365 597 1432 ealigine
615 1365 685 1418 seles
709 1373 710 1377 ’

83 1445 212 1498 Erramus
230 1445 333 1513 pelago,
352 1443 469 1498 totidem
487 1442 546 1494 sine
564 1441 655 1494 sidere
672 1447 774 1496 noctes.

83 1521 186 1584 Quarto
204 1525 279 1574 terra
297 1521 341 1573 die
360 1520 477 1588 primum
496 1535 526 1570 se
543 1518 671 1570 attollere
689 1517 802 1570 tandem
899 1535 935 1573 205

81 1596 155 1664 Visa,
173 1598 279 1666 aperire
297 1596 391 1664 procul
408 1594 515 1660 mentis,
534 1610 565 1646 ae
583 1593 691 1646 volvere
709 1594 819 1647 funium.

82 1673 152 1726 Vela
169 1674 278 1738 eadunt,
297 1673 380 1725 remis
397 1670 577 1736 insurgimus;
596 1669 670 1722 haud
688 1686 771 1734 mora,
790 1675 890 1724 nautae

82 1749 187 1802 Adnixi
204 1753 334 1817 torquent
353 1763 461 1816 spumas
480 1751 508 1799 et
526 1745 634 1798 caerula
651 1749 770 1798 verrunt.

117 1826 258 1879 Servatum
277 1843 310 1878 ex
328 1825 409 1876 undis
428 1822 612 1890 Strophadum
631 1838 676 1874 me
694 1821 774 1874 litora
792 1823 910 1890 primum

82 1902 241 1969 Accipiunt,
261 1900 427 1968 Strophades
446 1899 528 1952 Graio
547 1901 621 1952 stant
638 1899 746 1951 nemine
765 1898 862 1963 dietae,
897 1912 934 1950 210

83 1977 192 2030 insulae
211 1978 288 2031 Ionio
306 1978 333 2029 in
352 1993 457 2042 inagna,
477 1991 544 2042 quas
562 1974 623 2027 dira
642 1973 758 2027 Celaeno

83 2053 275 2122 Harpyiaeque
293 2053 385 2106 colunt
403 2053 480 2118 aliae,
499 2051 612 2103 Phineia
629 2053 775 2118 postquam

83 2129 180 2183 Clausa
198 2130 301 2196 domus,
319 2144 481 2196 mensasque
500 2131 575 2179 metu
593 2127 697 2193 liquere
715 2125 827 2193 priores.

82 2205 197 2259 'llistius
215 2206 290 2258 haud
307 2205 360 2257 illis
378 2210 537 2269 monstrrmr,
556 2219 607 2256 nec
626 2202 729 2254 srevior
746 2201 801 2254 ulla

82 2281 172 2334 Pestis
190 2286 218 2334 et
235 2283 276 2333 ire
294 2280 375 2333 deum
394 2279 494 2346 Stygiis
513 2295 572 2332 sese
590 2277 690 2330 extulit
707 2277 794 2331 undis¹
898 2294 934 2332 215

82 2358 205 2424 Virginei
222 2357 360 2410 volucrum
377 2355 475 2422 voltus,
493 2354 651 2408 foedissima
670 2354 772 2407 ventris

82 2433 229 2496 Protunica,
247 2447 389 2498 uncaeque
406 2446 508 2498 uranus,
527 2434 557 2484 et
574 2430 675 2499 pallida
693 2445 801 2492 semper

82 2508 138 2561 Ora
155 2509 233 2561 farne.

82 2585 144 2638 Huc
161 2585 208 2637 ubi
226 2585 310 2638 delati
328 2586 424 2653 portus
439 2583 607 2648 intravimus
626 2600 687 2636 ecee

82 2661 168 2715 Laeta
185 2661 267 2714 boum
285 2661 385 2729 passim
405 2661 506 2726 canapis
525 2664 649 2713 armenta
668 2659 792 2712 videmus
897 2670 934 2711 222

82 2737 319 2807 caprigenumque
336 2753 419 2804 pecus
437 2737 510 2788 nulle
528 2735 641 2788 custode
660 2751 709 2802 per
726 2733 831 2786 herbas.

82 2814 219 2868 Inruimus
237 2815 318 2879 ferro,
337 2818 366 2866 et
385 2813 462 2865 divos
481 2813 624 2880 ipsumque
643 2826 768 2863 vocamus
805 2819 808 2824 '

82 2891 116 2944 In
134 2895 241 2958 partem
259 2889 442 2958 praedamque
463 2889 571 2951 Ierem;
590 2892 649 2938 tum
668 2886 747 2938 litere
765 2901 847 2938 curve

82 2966 307 3032 Exstruimusque
325 2968 399 3017 tores
417 2964 588 3030 dapibusque
607 2961 748 3028 epulamur
767 2962 869 3028 opimis

82 3042 123 3092 At
141 3042 246 3094 subitae
264 3040 389 3093 horrifico
407 3039 484 3104 lapsu
502 3039 537 3088 de
555 3037 691 3112 mentibus
709 3035 810 3088 adsunt
898 3049 935 3090 225

82 3113 220 3181 Harpyiae
238 3122 266 3169 et
283 3114 533 3180 magnis-quatiunt
551 3111 722 3178 clangoribus
740 3111 805 3178 alas,

82 3187 275 3256 Diripiuntque
293 3192 377 3256 dapes
394 3193 575 3252 eontnetuque
593 3182 681 3237 erh'nia
699 3185 811 3239 foedant
