2174 3502
411 180 593 228 AENEIDOS
610 179 679 230 LIB.
698 181 732 228 V.
947 185 992 232 165

134 263 278 318 Hortatur
295 260 468 315 Mnestheus:
487 259 513 312 N
514 277 574 325 une,
591 277 664 314 nunc
680 262 813 330 insurgite
830 265 919 326 remis.

133 339 271 393 Hectorei
290 338 361 403 socii,
381 337 478 390 Troiae
497 354 565 406 quos
584 343 658 392 sorte
676 355 802 407 suprema
958 355 993 397 las

132 415 233 483 Delegi
254 413 385 480 comites3
403 431 474 468 nunc
492 415 553 468 illas
571 416 689 483 promite
706 417 778 484 viris,

133 493 214 547 Nunc
233 491 345 558 animos,
365 491 463 560 quibus
481 491 509 544 ln
525 491 649 546 Gaetulis
668 492 793 562 Syrtibus
811 494 852 546 usi

134 570 271 637 Ionioque
290 569 359 621 mari
379 568 540 636 Maleaeque
559 570 719 639 sequacibus
737 571 825 624 undis.

133 647 198 699 Non
216 646 271 698 iam
290 645 378 713 prima
395 649 460 714 peto
479 645 646 713 Mnestheus,
665 664 755 716 nequo
773 648 880 702 vincere
902 653 992 715 certo;

134 722 310 791 Quamquam
335 721 460 775 ol-Sed
487 725 625 788 superent,
651 722 749 791 quibus
774 723 831 791 hoe,
857 723 992 793 Neptune,
1027 771 1030 777 ,

208 796 328 863 dedisti;
957 815 993 855 aas

133 875 284 928 Extremos
301 874 405 943 pudeat
423 873 553 940 rediisse;
571 873 621 928 hoc
638 876 745 946 vincito,
763 880 841 947 cives,

133 951 171 1004 Et
190 950 336 1020 prohibete
354 952 438 1005 nefas.
477 951 531 1004 Olli
549 953 697 1008 certamine
716 973 819 1010 summo
874 981 877 986 ¹

134 1027 342 1092 Procumbunt;
360 1029 443 1082 vastis
461 1031 557 1086 tremit
574 1033 673 1086 ictibus
691 1049 771 1086 aerea
788 1034 893 1103 puppis,

133 1103 372 1175 Subtrahiturque
391 1105 492 1172 solum;
510 1111 570 1162 tum
588 1108 684 1164 creber
703 1110 839 1164 anhelitus
856 1113 933 1163 artus

134 1180 281 1249 Aridaque
299 1197 348 1234 ora
365 1183 471 1251 quatit;
490 1186 574 1239 sudor
591 1187 652 1240 fluit
669 1187 791 1256 undique
809 1187 880 1238 rivis.
956 1199 992 1238 mo

134 1256 243 1310 Attulit
259 1257 319 1325 ipse
336 1257 401 1310 viris
419 1263 542 1328 optatum
561 1279 638 1316 casus
655 1263 791 1316 honorem.

133 1332 263 1401 Namque
282 1334 376 1388 furens
394 1336 478 1389 animi
496 1337 562 1391 dum
580 1355 689 1407 proram
707 1338 743 1391 ad
761 1355 826 1391 saxa
842 1339 991 1405 suburguet

134 1410 257 1463 Interior
277 1411 419 1481 spatioque
440 1413 515 1466 subit
534 1414 680 1482 Sergestus
697 1416 796 1483 iniquo,

69 1519 72 1523 -
133 1486 238 1539 Infelix
257 1485 330 1540 saxis
348 1487 376 1541 in
394 1491 618 1557 procurrentibus
635 1490 729 1545 haesit.

134 1563 290 1617 Concussae
309 1568 409 1630 cautes,
429 1569 458 1619 et
477 1572 556 1620 acuto
573 1567 602 1620 in
620 1568 721 1622 murico
739 1570 808 1622 remi
957 1581 993 1619 eos

134 1637 239 1693 Obnixi
259 1656 397 1710 crepuere,
416 1642 550 1711 inlisaque
568 1661 650 1712 prora
667 1645 803 1714 pependit.

133 1715 313 1784 Consurgunt
332 1721 434 1771 nautae
454 1722 483 1772 et
501 1736 600 1788 magno
619 1720 735 1774 clamore
752 1724 899 1787 morantur,

134 1789 323 1862 Ferratasque
343 1793 439 1847 trudes
458 1797 487 1848 et
505 1800 585 1849 acuta
603 1796 714 1866 cuspide
733 1800 826 1851 contos

135 1868 303 1938 Expediunt,
323 1871 479 1941 fractosque
496 1871 591 1939 legunt
608 1872 636 1925 in
654 1874 762 1940 gurgite
781 1888 878 1925 remos.

138 1947 179 1998 At
195 1945 287 2000 laetus
307 1947 467 2000 Mnestheus
487 1963 667 2017 successuque
685 1949 773 2002 acrior
789 1949 849 2017 ipso
959 1960 995 2000 210

137 2023 258 2089 Agmine
276 2039 414 2076 remorum
434 2021 517 2076 celeri
536 2026 678 2092 ventisque
696 2025 799 2079 voeatis

136 2098 228 2151 Prona
246 2097 318 2166 petit
336 2099 421 2152 maria
440 2103 469 2153 et
486 2101 584 2168 pelago
603 2101 724 2154 decurrit
742 2103 844 2168 aperto.

106 2167 127 2258 p(
136 2173 233 2238 Qualis
251 2173 379 2242 spelunca
397 2176 487 2229 subito
505 2180 639 2230 commota
657 2175 788 2241 columba,

136 2248 188 2302 Cui
208 2249 305 2304 domus
323 2254 353 2304 et
371 2251 464 2305 duces
481 2252 618 2307 latebroso
636 2253 663 2306 in
681 2253 787 2322 pumice
804 2253 869 2320 nidi,

136 2325 240 2379 Fertur
252 2327 279 2379 in
292 2343 357 2380 arva
370 2328 470 2396 volans,
483 2330 663 2399 plausumque
676 2330 809 2383 exterrita
820 2331 916 2397 pennis
962 2344 997 2382 215

137 2401 194 2455 Dat
212 2406 285 2456 tecto
303 2403 450 2471 ingentem,
469 2423 532 2458 mox
551 2423 614 2460 aere
632 2407 707 2474 lapsa
724 2407 818 2475 quieto

137 2477 223 2531 Radit
243 2478 296 2531 iter
315 2479 459 2548 liquidum,
480 2482 575 2535 celeris
595 2499 684 2549 nequo
703 2486 854 2536 commovet
871 2485 959 2546 alas:¹

137 2553 182 2607 Sic
202 2554 371 2623 Mnestheus,
391 2557 429 2610 sio
447 2558 507 2626 ipsa
526 2559 591 2626 fuga
612 2562 686 2612 secat
705 2558 802 2611 ultima
820 2558 922 2611 Pristis

139 2636 278 2700 Aequora,
297 2631 336 2686 sic
354 2633 429 2687 illam
449 2635 504 2688 fert
523 2635 643 2704 impetus
660 2636 719 2703 ipse
737 2635 880 2689 volantem.

138 2708 175 2760 llt
193 2707 311 2775 primum
330 2709 357 2762 in
379 2711 487 2779 scopulo
509 2711 657 2765 luctantem
676 2712 782 2765 deserit
800 2712 855 2764 alto
964 2724 1000 2764 tao

138 2785 298 2852 Sergestum
316 2786 500 2856 brevibusque
522 2788 599 2841 radis
619 2789 776 2858 frustraque
794 2791 934 2841 vocantem

138 2860 251 2915 Auxilia
270 2865 299 2916 ct
316 2863 411 2917 fractis
432 2865 581 2918 discentem
601 2882 710 2919 currere
728 2864 818 2918 remis.

139 2936 210 2991 Inde
230 2938 307 3007 Gyan
326 2941 469 3008 ipsamque
490 2941 595 3009 ingenti
615 2943 687 2996 mole
706 2942 877 2995 Chimaeram

67 3041 81 3065 ι.
138 3013 340 3083 Consequitur;
358 3016 439 3083 cedit,
459 3019 586 3084 quoniam
605 3019 720 3088 spoliata
737 3016 869 3082 magistro
886 3019 935 3070 est,

138 3091 219 3144 Solus
237 3092 347 3159 iamque
365 3093 425 3160 ipso
444 3098 569 3160 superest
586 3095 614 3146 in
633 3095 687 3168 fine
707 3092 869 3146 Cloanthus:
966 3109 1002 3147 aas

139 3169 230 3233 Quem
249 3169 330 3236 petit,
346 3171 375 3220 et
394 3170 507 3220 summis¹
524 3168 641 3220 adnisus
659 3167 763 3220 viribus
782 3169 888 3231 urguet.

139 3244 210 3296 Tum
229 3259 294 3296 nero
314 3244 464 3309 ingeminat
482 3243 590 3307 clamor,
610 3243 754 3304 crrrrcssiqnc
773 3244 936 3303 sequentem
