2174 3502
124 173 171 220 220
358 169 387 216 P.
407 167 559 216 VERGILI
577 167 740 215 MARONIS

123 250 352 319 Quandoquidem
372 247 493 302 Ausonio
512 248 630 315 respersi
648 249 777 325 sanguine
795 249 922 318 Teucros,

124 328 184 382 Hoc
202 328 286 382 etiam
304 326 346 378 his
364 325 471 389 addam,
490 328 538 376 tua
557 323 580 376 si
597 324 664 377 mihi
681 328 757 377 certa
774 325 913 380 voluntas:

123 404 266 459 Finitimas
285 403 312 456 in
330 401 402 456 bella
420 401 506 454 feram
525 399 679 454 rumoribus
698 401 788 468 urbes,

125 480 335 546 Accendamque
354 478 459 531 animos
477 477 565 530 insani
585 477 683 530 Martis
701 493 800 546 amore,
938 494 975 532 seo

90 602 93 608 .
122 557 252 626 Undique
270 558 301 608 ut
319 553 419 607 auxilio
437 553 560 607 veniant:
580 569 705 621 spargam
724 571 800 606 arma
818 571 870 622 per
886 572 973 622 agros

122 633 190 686 'lum
208 636 303 686 contra
322 630 405 696 Inno;
424 629 569 683 Terrarum
588 634 617 682 et
634 629 739 682 fraudis
757 629 866 684 abundo
884 636 940 684 cst:

122 710 203 762 Stant
220 707 285 761 belli
303 723 427 760 caussae:
446 709 584 774 pugnatur
602 707 751 760 comminus
769 707 866 772 aruris3

122 785 198 849 Quae
216 784 272 838 fors
289 784 377 852 prima
395 783 481 846 dedit,
501 783 610 849 sanguis
629 799 714 835 novus
733 783 833 836 imbuit
852 800 933 836 anua„

122 861 197 914 Talia
214 859 339 926 coniugia
356 862 386 912 et
402 859 466 912 talis
483 857 623 926 celebrent
641 858 801 926 hymenaeos
938 873 976 912 555

122 937 270 1005 Egregium
289 936 406 990 Veneris
423 951 509 1002 genus
528 939 557 988 et
574 951 623 988 rex
642 936 700 1003 ipsc
719 934 840 988 Latinus.
875 1003 877 1008 Ι

121 1013 160 1067 'le
177 1029 258 1081 super
276 1011 413 1066 aetherias
431 1027 525 1064 errare
542 1011 669 1064 licentius
687 1027 767 1064 auras

122 1089 206 1142 Haud
225 1089 308 1142 Pater
326 1088 372 1141 ille
391 1088 465 1155 velit,
483 1087 580 1140 summi
599 1090 728 1155 regnator
746 1087 860 1155 Olympi.

122 1165 197 1219 (lede
214 1164 287 1218 locis.
323 1165 389 1231 ago,
408 1164 430 1216 si
449 1175 603 1232 qua'super
621 1164 731 1217 fortuna
747 1163 870 1216 laborum
888 1166 938 1229 cst,

123 1241 187 1310 Ipsa
204 1258 304 1309 regam.
342 1241 414 1293 'lalis
433 1240 549 1294 dederet
568 1241 695 1294 Saturnia
713 1255 805 1303 voces;
938 1255 977 1293 eeu

123 1318 174 1373 Illa
192 1322 285 1372 autem
304 1317 407 1371 attollit
425 1317 569 1370 stridentis
587 1316 722 1384 anguibus
740 1317 803 1382 alas,

122 1395 271 1464 Cocytique
289 1395 361 1462 petit
379 1394 479 1457 sedem,
498 1410 597 1462 supera
615 1393 701 1446 ardua
719 1393 850 1460 linquens.

121 1471 173 1524 Est
190 1471 264 1525 locus
284 1471 383 1523 Italiac
402 1469 492 1523 medio
511 1469 562 1522 sub
579 1469 717 1523 montibus
735 1469 804 1536 altis,

122 1547 230 1600 Nobilis
249 1551 278 1600 et
296 1547 368 1600 fama
386 1546 480 1600 multis
499 1548 665 1600 memoratus
682 1545 711 1598 iu
729 1546 790 1609 oris,

1084 1251 1085 1268 l

1084 1359 1085 1412 l

1083 1535 1085 1550 1

123 1623 265 1676 Amsancti
285 1623 381 1687 valles;
400 1623 492 1676 densis
510 1623 581 1676 hunc
598 1621 741 1675 frondibus
759 1627 850 1676 atrum
938 1637 977 1676 ses

122 1699 230 1766 Urguet
248 1699 388 1766 utrimque
406 1699 478 1752 latus
495 1699 621 1765 nemoris,
640 1698 786 1766 medioque
804 1698 927 1766 fragosus

123 1775 178 1828 Dat
197 1776 316 1828 sonitum
337 1775 409 1828 saxis
428 1779 456 1828 et
474 1779 548 1828 torto
567 1775 669 1828 vertice
687 1777 801 1828 torrens.

124 1852 177 1904 llic
195 1868 291 1919 specus
310 1850 476 1904 horrendum
495 1857 524 1904 ct
542 1851 616 1904 saevi
634 1851 768 1920 spiracula
786 1850 859 1903 Ditis

123 1924 319 1991 Monstrantur}
339 1930 477 1996 ruptoque
496 1927 592 1994 ingens
611 1928 768 1981 Acheronte
786 1943 885 1994 vorago

124 2004 270 2057 Pestiferos
288 2003 378 2072 aperit
395 2004 495 2071 fauces,
514 2003 573 2071 quis
593 2003 703 2056 condita
721 2003 823 2072 Erinys
940 2018 978 2057 sro

123 2080 245 2133 Invisum
263 2097 371 2146 numen,
390 2083 479 2132 terras
497 2079 656 2148 caelumque
674 2078 789 2132 levabat.

156 2156 214 2210 Nec
232 2156 322 2208 minus
339 2156 445 2208 interea
463 2160 614 2210 extremam
634 2156 762 2210 Saturnia
778 2155 850 2208 bello

124 2232 234 2301 Inponit
252 2232 346 2298 regina
363 2248 480 2286 manum.
519 2231 587 2285 ltuit
605 2233 692 2284 omnis
710 2232 737 2284 iu
755 2231 851 2284 urbem

123 2308 266 2361 Pastorum
284 2324 318 2360 ox
337 2309 393 2360 acie
411 2325 547 2376 uumerus,
565 2315 713 2378 caesosque
728 2312 869 2375 reportant

123 2383 268 2437 Almonem
286 2399 400 2450 puerum
419 2383 579 2453 foedatique
598 2402 646 2438 ora
664 2385 778 2450 Galaesi,
940 2399 978 2438 575

123 2460 319 2529 luplorautquo
339 2459 411 2521 deos,
431 2459 661 2530 obtestanturque
681 2462 817 2514 Latinum.

123 2536 228 2589 Turnus
247 2535 333 2603 adest,
352 2535 498 2604 medioque
516 2537 544 2588 in
562 2537 674 2591 crimine
693 2537 783 2590 caedis
801 2541 830 2590 et
847 2538 905 2604 igni

123 2611 265 2666 Terrorem
283 2612 446 2679 ingeminat:
467 2613 584 2666 Teucros
604 2615 631 2666 iu
650 2631 733 2681 regna
751 2613 854 2674 vocari;

124 2688 244 2757 Stirpem
263 2688 406 2741 admisceri
427 2689 585 2756 Phrygiam:
606 2707 635 2743 se
654 2690 747 2743 limine
765 2689 835 2758 pelli.

124 2765 200 2830 lion,
213 2781 329 2832 quorum
341 2765 475 2818 attonitae
488 2765 595 2820 Baccho
607 2783 718 2820 nemora
730 2767 790 2819 avia
801 2770 903 2818 matres
939 2780 979 2819 seo

127 2840 263 2894 Insultant
274 2839 378 2906 thiasis
384 2857 502 2908 —neque
517 2843 588 2894 enim
602 2844 661 2894 leve
673 2860 771 2896 nomen
786 2843 946 2906 Amatae,-

128 2915 253 2982 Undiquo
271 2914 377 2967 collecti
395 2919 500 2979 coeunt,
519 2917 693 2986 Martemque
712 2919 834 2986 fatigant.

125 2987 204 3040 llicet
221 2988 362 3042 infandum
380 2992 470 3043 cuncti
489 2996 584 3044 contra
601 2995 692 3046 omina
709 2993 817 3059 bellum,

125 3059 227 3114 Contra
244 3064 302 3116 fata
320 3065 408 3130 deum,
426 3081 555 3132 perverso
573 3069 684 3121 numine
701 3073 823 3137 poscunt.

125 3131 258 3188 Certatim
276 3138 349 3204 regis
367 3139 542 3194 circumstant
561 3145 636 3195 tecta
656 3145 764 3208 Latini;
941 3162 983 3200 aas

126 3202 176 3254 llle
194 3209 269 3260 volut
286 3213 375 3277 pelagi
394 3230 476 3280 rupes
494 3215 597 3268 inmota
615 3219 728 3285 resistit,
