2172 3506
386 109 572 156 AENEIDOS
590 110 658 158 LIB.
678 110 728 158 XI.
937 115 985 163 293

134 189 276 255 Quaenam
294 205 342 242 vos
359 191 437 258 tanto
453 189 564 242 fortuna
582 190 702 257 indigna,
721 189 818 256 Latini,

134 266 267 335 Inplicuit
284 264 363 334 bello,
382 266 429 334 qui
447 282 497 318 nos
514 265 626 333 fugiatis
645 265 761 320 amicost

133 343 234 396 Pacem
252 358 298 395 me
315 342 447 395 exanimis
465 345 494 394 et
512 341 610 396 Martis
630 347 703 395 sorte
722 342 872 410 peremptis
950 357 984 395 no

133 417 245 473 Oratisi
264 417 392 487 equidem
412 421 442 471 et
458 417 527 471 vivis
544 417 694 471 concedere
712 417 817 472 vellem.

133 495 194 548 Neo
211 494 281 562 veni,
300 494 351 546 nisi
369 493 427 546 fata
444 493 532 547 locum
551 494 699 562 sedemque
718 493 874 560 dedissent;

134 571 195 624 Nec
213 570 315 624 bellum
334 587 396 623 cum
413 574 497 638 gente
515 587 596 638 gero:
615 587 664 623 rex
682 574 777 623 nostra
794 569 905 638 reliquit

135 645 271 715 Hospitis,
290 650 319 700 et
337 645 421 699 'lurni
439 647 531 716 potius
548 663 578 698 se
596 645 715 700 credidit
733 646 824 700 armis.

135 723 260 790 Aequius
278 722 341 775 huic
358 721 478 774 Turnum
496 722 586 775 fuerat
605 739 634 775 se
652 738 788 791 opponere
805 723 893 778 morti.
948 739 984 778 115

134 799 163 851 Si
180 798 283 851 bellum
304 798 383 850 finire
402 814 491 864 manu,
513 797 535 850 si
553 798 656 866 pellere
677 798 794 851 Teucros

135 875 268 943 Apparet,
286 874 328 927 his
346 890 453 927 mecum
472 875 564 928 decuit
582 891 743 928 concurrere
761 875 838 940 tclis3

136 951 227 1018 Vixet,
246 950 289 1003 cui
306 950 392 1002 vitam
411 949 479 1002 deus
497 953 545 1003 aut
562 967 611 1003 sna
630 949 728 1004 dextra
746 950 874 1004 dedisset.

133 1025 214 1079 Nunc
232 1026 271 1080 116
289 1029 318 1079 61
336 1025 442 1090 miseris
460 1026 606 1094 supponite
624 1026 727 1079 civibus
745 1027 843 1094 ignem.

133 1101 250 1155 Dixerat
270 1103 385 1155 Aeneas.
423 1101 468 1154 llli
488 1101 645 1170 obstipuere
664 1102 779 1167 silentes
946 1119 983 1157 rao

134 1178 318 1245 Conversique
337 1177 428 1231 oculos
447 1178 520 1231 inter
539 1195 568 1230 sc
588 1181 672 1246 atque
693 1195 741 1231 ora
759 1178 896 1233 tenebant.

132 1253 202 1306 Tum
221 1254 316 1320 senior,
335 1271 496 1322 semperque
515 1253 584 1306 odiis
602 1258 631 1306 et
648 1255 761 1307 crimine
779 1255 900 1308 Drances

132 1329 261 1382 Infensus
278 1329 369 1383 iuveni
387 1329 477 1382 Turno
496 1329 534 1382 sic
551 1346 598 1382 ore
617 1329 733 1382 vicissim

132 1405 204 1458 Orsa
221 1406 318 1459 refert:
338 1405 361 1458 Ο
379 1405 451 1458 fama
469 1406 571 1474 ingens,
589 1404 726 1473 ingentior
743 1405 831 1473 amris,

26 1493 29 1502 ’
131 1480 186 1533 Vir
204 1481 325 1548 Troiane,
345 1481 443 1550 quibus
462 1481 536 1535 eaelo
554 1485 583 1534 te
602 1480 727 1534 laudibus
745 1483 876 1549 aequem?
945 1499 981 1538 126

133 1557 295 1610 Iustitiaene
312 1557 388 1626 prius
407 1557 497 1624 mirer,
517 1557 616 1610 belline
636 1557 777 1610 laborum?

132 1633 190 1686 Nos
210 1649 274 1687 vero
292 1632 360 1686 haec
377 1633 494 1702 patriam
512 1634 584 1700 grati
602 1635 752 1686 referemus
771 1635 806 1686 ad
824 1633 927 1700 urbem,

132 1708 223 1774 litte,
242 1709 265 1761 si
284 1726 337 1776 qua
354 1709 426 1762 viam
446 1709 556 1762 dederit
573 1711 690 1776 fortuna,
711 1709 807 1762 Latino

132 1784 282 1852 iungemus
299 1784 364 1852 regi.
400 1784 519 1848 Quaerat
540 1784 592 1837 sibi
610 1785 721 1837 foedera
741 1786 852 1838 Turnus.

132 1860 205 1924 Quin
222 1864 251 1915 et
268 1859 358 1914 fatalis
376 1876 515 1913 murorum
534 1860 661 1914 attollere
680 1860 770 1927 moles,
944 1875 980 1914 rso

130 1935 258 2004 Saxaque
277 1936 438 1990 subvectare
457 1935 577 1990 hunneris
598 1937 712 1988 Troiana
730 1936 841 1990 iuvabit.

130 2011 248 2064 Dixerat
265 2011 340 2079 haec,
359 2009 466 2080 unoque
485 2029 579 2066 omnes
599 2011 694 2064 eadem
714 2029 760 2064 ore
778 2013 938 2066 fremebant.

132 2086 179 2139 Bis
197 2103 276 2140 senos
294 2089 424 2155 pepigere
443 2087 510 2153 dies,
529 2092 558 2141 et
576 2104 642 2156 pace
661 2091 804 2155 sequestra

132 2163 186 2215 Per
203 2162 284 2215 silvas
303 2163 398 2216 Teucri
417 2164 551 2232 mixtique
569 2165 669 2231 inpune
688 2163 779 2216 Latini

131 2237 263 2291 Eri-avere
281 2239 358 2306 iugis.
396 2239 481 2292 llerro
501 2242 579 2292 sonat
597 2240 652 2292 ieta
670 2237 781 2306 bipenni
945 2255 979 2294 13⁵

131 2313 280 2379 Fraxinrrs3
298 2318 425 2368 evertunt
443 2319 518 2368 actas
536 2315 571 2368 ad
590 2314 681 2368 sidera
698 2315 790 2382 pinos;

131 2388 241 2442 Robora
258 2405 308 2444 nec
325 2390 417 2444 cuneis
435 2393 464 2443 et
483 2391 602 2444 olentem
621 2390 746 2444 scindere
762 2392 881 2460 cedrum,

130 2465 155 2517 N
158 2481 189 2518 ec
206 2466 335 2533 plaustris
353 2470 460 2520 cessant
478 2471 587 2520 1661616
604 2466 778 2534 gementibus
796 2485 883 2520 ornos.

165 2540 273 2594 Etiam
293 2541 377 2594 Fama
395 2542 495 2607 volans,
512 2542 584 2596 tanti
601 2543 764 2610 praenuntia
782 2542 878 2610 luctus,

131 2613 287 2668 Euandrum
308 2617 484 2686 Euandrique
503 2618 597 2670 domos
615 2621 644 2671 61
662 2618 770 2671 moenia
787 2619 883 2686 replet,
944 2633 980 2671 111

130 2690 205 2754 Quae
223 2690 304 2745 modo
322 2692 451 2746 victorem
470 2692 549 2747 Latio
570 2693 695 2746 Pallanta
715 2693 827 2749 ferebat.

130 2766 254 2820 Arcades
269 2768 306 2821 ad
325 2772 418 2836 portas
435 2785 522 2836 ruere,
542 2773 571 2822 et
593 2769 628 2822 de
648 2785 723 2823 more
742 2774 851 2824 vetusto

129 2841 268 2896 Funereas
289 2861 403 2910 rapuere
421 2845 508 2909 faucem
527 2845 600 2898 lueet
616 2845 660 2899 via
679 2847 760 2914 longo

128 2916 233 2970 Ordine
254 2918 430 2984 flammarum,
453 2924 482 2974 ct
498 2920 553 2975 late
570 2920 741 2976 discriminat
759 2937 844 2990 agros.

128 2993 232 3048 Contra
250 2995 333 3048 turba
353 2996 490 3063 Phrygum
509 2997 620 3050 veniens
640 2997 797 3065 plangentia
817 2995 907 3062 iungit
941 3011 976 3051 145

128 3071 256 3138 Agmina.
293 3072 369 3135 Quae
387 3076 532 3139 postquam
553 3076 655 3126 matres
677 3072 823 3125 succedere
842 3071 924 3124 tectis

127 3145 273 3214 Viderunt,
293 3151 425 3202 nraestam
442 3147 592 3202 incendunt
609 3145 772 3200 clamoribus
789 3147 893 3201 urbem
