2152 3506
117 134 147 182 90
349 129 380 178 Ρ.
399 127 553 178 VERGILI
571 126 739 176 MARONIS

117 212 254 273 Quaerere
272 212 420 274 constituit,
438 210 573 277 sociisque
592 212 689 262 exacta
706 209 809 262 referre

118 287 238 340 Classem
256 288 284 341 in
303 305 422 342 convexa
440 301 581 339 nemorum
600 285 651 338 sub
670 302 737 354 rupe
755 297 854 338 cavata
946 302 987 340 ere
1040 313 1041 322 1

118 362 273 418 Arboribus
290 364 409 418 clausam
427 364 526 416 circum
546 371 631 428 atque
649 361 825 414 horrentibus
843 361 964 416 umbris

119 439 239 504 Oeeulit;
257 441 316 508 ipse
333 457 388 494 une
406 439 533 507 graditur
553 438 701 492 comitatus
720 437 836 505 Achate,

120 515 190 568 Bina
208 533 290 570 ruranu
307 517 364 570 late
381 517 502 584 crispans
519 514 630 568 hastilia
647 515 727 568 ferre.

120 591 171 645 eui
189 597 278 647 mater
295 593 387 647 media
405 609 464 646 sese
484 592 549 644 tulit
568 591 648 646 obvia
667 591 740 658 silva,

122 668 241 736 Virginis
260 686 290 722 es
308 669 487 736 habitumque
504 685 605 736 gerens
623 672 652 721 et
669 667 781 732 virginis
800 683 887 732 urnra,
947 683 985 720 arr

121 745 279 814 Spartanae,
297 747 340 799 vel
359 745 448 813 qualis
468 761 553 812 eques
572 743 700 798 Threissa
717 743 815 810 fatigat

123 821 275 890 Harpalyce
293 823 485 889 volucremque
503 821 568 888 suga
587 821 772 889 praevertitur
791 819 934 873 Hebrum.

123 898 146 950 N
149 915 200 950 anu
213 914 247 951 ue
259 898 379 950 humeris
392 898 427 950 de
440 913 516 951 more
528 897 648 950 habilem
661 895 842 964 suspenderat
855 913 957 949 areum

123 916 263 1042 Venali'ix,
283 975 452 1041 dederatque
470 991 575 1028 cumam
594 973 746 1027 diffundere
764 973 861 1038 ventis,

123 1050 206 1103 Nuda
222 1068 301 1118 genu,
321 1050 446 1117 nodoque
465 1051 540 1126 sirius
559 1050 672 1104 collecta
690 1049 805 1126 fluentis.
947 1065 987 1102 aaa

125 1128 166 1179 Ac
184 1129 265 1194 prior,
286 1129 369 1193 Heus,
389 1128 486 1194 inquit,
505 1127 624 1193 iuvenes,
643 1129 801 1192 monstrate,
819 1141 951 1179 mearum

124 1202 241 1256 Vidistis
260 1205 281 1257 si
301 1203 383 1272 quiim
402 1204 446 1256 hie
464 1209 601 1256 errantem
620 1204 692 1256 ferte
711 1218 841 1268 sororum,

125 1271 295 1334 Suedinctam
313 1282 445 1348 pharetra
464 1284 493 1334 ct
511 1279 664 1333 maculosae
683 1279 805 1346 tegmine
822 1278 920 1346 lyncis,

126 1360 184 1409 Aut
203 1357 354 1425 spumantis
373 1357 432 1424 apri
450 1374 562 1411 cursum
579 1357 699 1410 clamore
716 1358 896 1422 prementem.
924 1373 943 1412 γ.

160 1433 204 1486 Sic
225 1435 332 1498 Venus;
351 1437 379 1486 et
400 1433 517 1487 Veneris
535 1438 633 1486 centra
651 1433 689 1485 sic
707 1432 778 1486 filius
796 1447 890 1502 emim:
950 1447 989 1486 aze

127 1509 208 1562 Nulla
226 1513 335 1562 tuarum
354 1510 449 1563 audita
467 1509 534 1561 milri
552 1526 642 1577 neque
660 1510 717 1561 risa
736 1523 866 1570 sororum,

127 1585 268 1654 (l-quam
282 1590 310 1638 te
322 1573 587 1654 memorem'j'iirgol
609 1601 727 1652 namque
739 1582 813 1637 haud
826 1582 879 1637 tibi
891 1584 989 1637 voltus

128 1661 259 1727 Mortalis,
278 1678 327 1714 nec
346 1657 553 1716 vei'hemincm
572 1666 666 1715 senat:
685 1679 709 1727 0,
727 1661 779 1714 dea
797 1663 888 1726 certe,

129 1737 295 1808 All-Fllssflbl
315 1741 410 1793 serari
429 1757 467 1811 an·
483 1739 671 1808 Nympharum
691 1737 831 1805 sanguinis
849 1737 926 1792 unat

128 1814 170 1868 Sis
189 1814 261 1880 felix,
281 1818 459 1885 nostrumque
477 1816 558 1882 leves,
578 1831 775 1884 quaecumque,
793 1813 927 1879 laborem,
953 1830 990 1868 aee

130 1891 172 1953 lit,
192 1908 246 1958 que
263 1892 313 1945 sub
332 1891 406 1945 caele
425 1892 545 1960 taudem,
565 1892 665 1961 quibus
684 1891 758 1944 erbis
776 1890 804 1943 in
823 1890 878 1944 eris

130 1966 273 2035 lacteum,
293 1969 404 2021 doceas:
421 1969 507 2036 ignari
528 1953 920 2037 hominumque'locorumque

130 2042 265 2104 Erramus
284 2048 366 2097 vente
385 2044 437 2097 hue
456 2046 539 2098 vastis
557 2049 586 2098 ct
604 2045 734 2098 fluctibus
752 2044 820 2097 aeti:

130 2117 219 2172 Multa
237 2120 288 2173 tibi
306 2124 371 2174 ante
389 2138 450 2174 aras
469 2125 563 2174 nostra
581 2121 663 2174 cadet
680 2121 771 2174 hostia
790 2121 896 2174 dextra.

113 2195 116 2202 '
165 2196 232 2248 Tum
242 2197 348 2252 Venus:
364 2197 448 2250 Haud
456 2198 585 2266 equidem
595 2198 644 2251 tali
653 2214 697 2250 me
707 2196 806 2265 digner
815 2198 934 2258 lren0re3
953 2213 990 2251 aas

131 2271 291 2338 Virginibus
312 2273 399 2340 Tyriis
418 2292 476 2327 mes
494 2278 537 2328 est
554 2278 664 2342 gestare
682 2274 848 2342 pharetram,

132 2348 328 2416 Purpureoque
346 2349 401 2402 alte
420 2367 497 2403 suras
515 2351 618 2404 vincire
637 2350 778 2404 cethurae.

132 2424 234 2475 Punica
252 2441 337 2491 regna
354 2425 438 2493 vides,
458 2427 551 2495 Tyrias
570 2433 598 2481 et
619 2428 755 2495 Agenoris
774 2426 915 2490 urbem31

132 2501 187 2553 Sul
205 2500 272 2552 lines
292 2498 394 2570 Libyci,
412 2518 499 2570 genus
518 2503 693 2558 intractabile
712 2503 789 2556 belle.

133 2576 277 2645 Inperium
296 2577 370 2632 Dido
389 2579 470 2649 'llyria
488 2581 561 2648 regit
580 2580 649 2633 urbe
667 2580 795 2649 proiecta
955 2593 989 2633 eru

133 2653 299 2707 Germanum
317 2656 433 2724 fugiens.
471 2656 565 2724 Longa
585 2661 628 2711 est
645 2657 752 2723 inim-ia,
770 2656 866 2723 longae

134 2728 289 2796 Ambages;
308 2731 356 2784 sed
376 2748 480 2786 summa
500 2751 600 2802 sequar
618 2733 728 2802 fasti-,gia
745 2748 845 2786 rerum.

134 2805 207 2858 Huic
224 2806 341 2858 coniunx
361 2808 496 2876 Sychaeus
516 2814 583 2877 erat,
603 2809 755 2862 ditissimus
773 2808 833 2876 agri

134 2881 307 2949 Phoenicum,
325 2888 354 2936 et
371 2902 472 2953 magno
490 2887 607 2939 miserae
626 2885 743 2938 dilectus
762 2899 861 2951 amere,

135 2959 185 3012 Cui
202 2962 282 3025 pater
299 2958 430 3012 intactam
449 2960 573 3028 dederat,
592 2960 742 3028 primisque
760 2960 889 3042 iugarat)
957 2975 991 3012 au

136 3032 285 3084 Ominibus.
321 3033 376 3086 Sed
394 3051 479 3101 regna
498 3036 561 3101 Tyri
580 3051 727 3101 germanus
745 3032 865 3087 habebat

137 3106 304 3173 Pygmalion,
322 3109 423 3162 scelere
441 3114 505 3162 ante
524 3109 591 3160 alies
608 3108 741 3160 inmanior
758 3109 852 3163 emnia

138 3179 213 3240 Quos
231 3179 305 3231 inter
323 3183 431 3234 medius
448 3183 524 3234 verrit
542 3183 624 3233 lurcr.
663 3181 713 3234 llle
732 3182 883 3246 Sychaeum
