2154 3518
329 522 784 603 BUCOLIOON

480 675 634 730 uranu.

506 863 603 890 -0-

427 1005 633 1080 nouo'ea
657 1021 682 1077 1.
705 1003 725 1101 ζ
738 999 795 1080 V)

479 1156 642 1206 TITYRUS.

389 1286 564 1326 MELIBOEUS.
589 1285 723 1326 TITYRUS.
798 1321 799 1328 ,

134 1377 178 1434 M.
198 1378 313 1445 Trrran,
332 1383 363 1433 tu
380 1379 489 1446 patulae
507 1377 640 1430 recubans
658 1377 709 1428 sub
727 1377 848 1443 tegmine
865 1377 921 1445 fagi

135 1455 294 1508 Silvestrem
311 1454 388 1507 tenui
407 1452 513 1506 Musam
532 1451 672 1504 meditaris
690 1469 792 1517 avena3
817 1485 823 1490 -

135 1531 192 1584 Nos
209 1531 316 1600 patriae
335 1529 396 1582 finis
414 1533 443 1582 et
461 1528 550 1581 dulcia
568 1528 714 1596 linquimus
732 1533 819 1584 arra:¹

135 1608 193 1662 Nos
210 1608 326 1676 patriam
344 1605 476 1672 fugimus;
495 1609 532 1672 tu,
553 1605 652 1673 Tityre,
672 1604 761 1659 lontus
779 1606 807 1658 in
825 1607 922 1660 umbra

136 1684 291 1738 Formosam
311 1698 438 1736 resonare
455 1682 535 1736 doces
555 1683 724 1750 Amaryllida
742 1683 832 1738 silvas.
975 1698 988 1736 e

139 1760 170 1814 Τ.
189 1759 212 1812 Ο
231 1759 372 1824 Meliboee,
391 1758 459 1812 deus
476 1759 553 1815 nobis
571 1759 637 1812 haec
656 1759 711 1812 otia
728 1759 802 1814 fecit.

135 1835 260 1904 Namque
278 1836 331 1888 crit
348 1835 395 1888 ille
412 1836 479 1888 mihi
497 1853 604 1904 semper
623 1835 705 1901 deus;
723 1835 795 1888 illius
812 1851 887 1888 aram

136 1913 221 1980 Saepe
239 1916 317 1964 tener
334 1913 434 1965 nostris
452 1911 487 1966 ab
505 1911 619 1965 ovilibus
637 1911 743 1965 imbuet
762 1928 854 1980 agnus,

136 1988 187 2041 llle
204 2004 278 2040 meas
296 2005 388 2042 errare
405 1988 495 2053 boves,
513 1992 545 2041 ut
563 1989 658 2056 cernis,
677 1993 707 2042 et
724 1989 812 2057 ipsum

136 2065 251 2131 liudere,
271 2081 340 2133 quae
357 2065 462 2129 vellem,
480 2065 583 2118 calamo
602 2065 726 2133 permisit
744 2064 852 2132 agresti.
961 2078 986 2116 ro

134 2141 176 2194 M.
195 2142 256 2194 Non
274 2139 401 2208 equidem
419 2139 544 2204 invideo;
562 2140 646 2192 miror
663 2141 765 2208 magis:
783 2140 903 2209 undique
919 2139 985 2194 totis

136 2217 230 2286 Usque
248 2217 315 2269 adeo
334 2215 463 2270 turbatur
479 2216 559 2283 agris.
597 2217 646 2283 En,
666 2216 724 2286 ipse
742 2216 858 2286 capellas

135 2293 263 2346 Protinus
280 2309 362 2360 aeger
380 2309 430 2364 ago
440 2313 447 2358 ;
464 2293 533 2346 hanc
551 2293 634 2348 etiam
652 2293 705 2359 vix,
724 2293 822 2362 Tityro,
842 2293 920 2348 duco.

136 2369 190 2423 Hic
206 2369 279 2422 inter
297 2368 395 2423 densas
413 2369 516 2438 corylos
534 2370 615 2422 modo
632 2385 750 2438 namque
768 2371 904 2438 gemellos,

134 2446 216 2514 Spem
233 2445 331 2513 gregis,
350 2445 399 2498 alr!
419 2446 494 2498 sibae
511 2445 539 2498 in
559 2446 631 2498 nuda
649 2447 763 2499 connixa
781 2446 899 2514 reliquit.
962 2459 986 2499 15

134 2522 221 2590 Saepe
238 2523 339 2575 malum
356 2522 407 2575 hoo
424 2521 509 2589 nobis,
529 2523 552 2575 si
569 2539 645 2576 meus
664 2523 812 2576 nonlaeva
829 2523 933 2588 fuisset,

135 2598 177 2651 Do
193 2599 268 2653 caelo
285 2603 374 2653 tactas
391 2599 504 2652 memini
521 2599 681 2668 praedicere
700 2615 822 2668 quercus.
864 2603 865 2606 ’

133 2674 232 2745 [Saepe
249 2676 360 2730 sinistra
377 2692 444 2730 cava
460 2676 599 2745 praedixit
615 2675 650 2729 ab
668 2677 729 2730 ilice
747 2675 860 2744 cornis]

135 2751 189 2806 Sed
206 2755 305 2816 tamen,
323 2753 377 2807 iste
396 2754 464 2807 deus
482 2752 529 2822 qui
549 2754 593 2820 sit,
611 2753 653 2818 da,
672 2753 772 2822 Tityre,
789 2753 873 2806 nobis.

139 2827 169 2883 T.
186 2829 299 2897 Urbem,
319 2846 399 2897 quem
418 2830 513 2883 dicunt
532 2829 654 2895 Romam,
673 2828 816 2896 Meliboee,
834 2828 927 2896 putavi
962 2841 987 2880 ro

134 2905 240 2959 Stultus
258 2923 308 2974 ego
325 2907 388 2959 huic
405 2909 516 2960 nostrae
534 2904 657 2972 similem,
677 2923 731 2974 quo
749 2921 830 2972 saepe
848 2904 965 2958 solemus

136 2981 262 3034 Pastores
280 2982 370 3034 ovium
388 2987 497 3036 teucros
515 2981 653 3050 depellere
672 2982 749 3035 letus.

135 3056 179 3110 Sic
197 3058 308 3110 canibus
326 3059 428 3111 catulos
447 3058 548 3123 similis,
566 3058 605 3111 sio
622 3058 756 3110 matribus
773 3057 875 3110 haedos

135 3131 244 3200 Noram,
262 3134 300 3187 sic
317 3135 408 3203 parvis
426 3151 578 3202 conponere
595 3149 693 3200 magna
711 3132 836 3186 solebam.

136 3207 238 3262 Verum
256 3210 324 3263 hacc
341 3213 449 3264 tantum
467 3211 533 3264 alias
551 3210 623 3263 inter
640 3211 723 3276 caput
740 3209 839 3262 extulit
856 3209 944 3273 urbes,
963 3219 987 3261 2⁵

991 1019 1018 1081 4
1050 1037 1053 1046 .
