2172 3506
412 111 595 161 AENEIDOS
613 113 682 161 LIB.
702 113 735 160 X.
953 117 1000 164 269

149 193 266 248 Hortati
286 207 386 261 sumus,
405 193 454 246 aut
472 192 557 246 vitam
576 193 748 246 committere
767 194 876 249 ventisl

147 271 226 323 Num
245 286 328 338 puero
349 285 480 321 summam
500 268 653 335 bellinum
671 269 782 322 credere
801 272 912 324 muros?
976 281 1001 325 to

148 347 373 413 Tyrrhenamque
391 345 475 398 fidem
493 349 541 398 aut
557 345 649 412 gentis
667 345 772 412 agitare
790 345 917 412 quietasl

148 421 219 485 Quis
239 422 306 474 deus
326 422 353 473 in
373 421 505 488 fraudem,
525 438 595 490 quae
615 421 685 474 dura
703 421 826 489 potentia
843 422 931 474 nostri

149 497 236 566 Egiti
254 497 301 550 nbi
320 497 365 550 hic
388 497 464 562 Iuno,
485 497 636 550 demissave
658 497 776 550 nubibus
799 496 871 550 lrisl

148 574 300 641 Indignum
320 577 363 626 est
384 573 469 626 Italos
488 573 596 625 Troiam
616 574 784 626 circumdare
804 572 920 626 flammis

148 649 177 702 N
179 654 324 718 essentem,
342 653 372 703 et
390 649 480 718 patria
500 649 621 703 Turnum
640 650 789 703 consistere
808 652 891 712 terra,
976 662 999 702 ra

149 726 203 779 Cui
224 725 363 778 Pilumnus
383 741 457 792 avus,
475 725 519 778 cui
538 725 601 777 diva
622 725 729 778 Venilia
749 728 854 778 mater:

150 801 232 868 Quid,
251 802 310 854 face
328 801 458 854 Troianos
474 805 537 854 atra
554 803 608 853 vim
626 801 698 854 ferre
718 801 830 867 Latinis,

150 878 228 929 Arva
246 877 334 930 aliena
352 878 416 944 iugo
436 893 562 945 premere
583 881 666 944 atque
686 881 810 930 avertere
828 877 964 946 praedast

150 951 226 1014 Quid
244 969 351 1006 soceros
370 953 461 1020 legere
477 956 507 1005 et
525 953 635 1020 gremiis
655 952 790 1006 abducere
807 957 907 1021 pactas,

150 1027 251 1080 Pacem
270 1045 347 1082 orare
365 1045 456 1096 manu,
477 1029 628 1097 praefigere
645 1028 782 1097 puppibus
798 1032 893 1084 armat
973 1045 998 1082 eo

148 1104 191 1157 'ln
210 1110 288 1172 potes
309 1109 422 1159 Aenean
441 1105 566 1158 manibus
585 1105 736 1158 subducere
757 1106 878 1172 Graium,

151 1180 261 1248 Proque
280 1182 338 1234 viro
356 1181 483 1235 nebulam
502 1183 532 1235 et
551 1184 646 1234 ventos
666 1179 815 1236 obtendere
834 1181 928 1249 inanis,

150 1257 188 1309 Et
205 1261 283 1325 potes
300 1259 329 1310 in
346 1257 464 1310 totidem
482 1257 595 1310 classem
613 1261 772 1310 convertere
791 1257 949 1324 Nymphas:

150 1333 208 1386 Nos
226 1333 331 1402 aliquid
350 1334 467 1387 Rutulos
483 1336 579 1389 contra
596 1333 696 1385 iuvisse
714 1333 862 1386 nefandum
880 1335 943 1388 estl

150 1411 261 1462 Aeneas
279 1410 390 1477 ignarus
411 1409 506 1463 abest:
529 1410 640 1476 ignarus
661 1413 691 1461 et
711 1408 790 1461 absit.
974 1424 998 1462 ss

149 1484 201 1537 Est
228 1485 341 1554 tophus,
362 1485 535 1553 Idaliumque
553 1485 612 1550 tibi,
632 1490 696 1538 sunt
716 1485 771 1538 alta
793 1485 928 1552 Cythera:

148 1561 223 1624 Quid
234 1561 375 1628 gravidam
392 1561 470 1614 bellis
487 1559 584 1614 urbem
600 1565 629 1615 et
645 1561 727 1614 corda
743 1577 840 1629 aspera
854 1561 994 1629 temptasl

148 1637 243 1690 Nosne
262 1637 313 1690 tibi
333 1638 419 1690 fluxas
439 1636 573 1705 Phrygiae
592 1655 636 1690 res
655 1641 764 1691 vertere
783 1637 868 1692 fundo

148 1712 301 1766 Conamurl
323 1715 392 1767 nosl
416 1730 451 1766 an
473 1713 585 1766 miseros
604 1714 651 1782 qui
672 1714 755 1766 Troas
776 1713 888 1766 Achivis

146 1787 279 1842 Obieciti
303 1789 378 1852 Quae
400 1805 495 1842 caussa
516 1789 576 1855 fuit,
597 1805 761 1858 consurgere
781 1790 809 1842 iu
830 1785 906 1842 arma
972 1805 997 1842 a)

147 1864 341 1932 Europamque
360 1865 518 1932 Asiamque,
537 1869 566 1918 et
583 1864 693 1918 foedera
712 1865 816 1918 solvere
834 1864 927 1916 furtel

147 1940 197 1994 Me
217 1940 285 1994 (luce
305 1941 460 1994 Dardanius
478 1942 604 2007 Spartam
625 1941 791 2008 expugnavit
810 1938 927 2006 adulter,

148 2017 210 2069 Aut
232 2033 281 2084 ego
300 2017 356 2070 tela
376 2017 448 2083 dedi,
467 2017 554 2069 fovive
577 2016 711 2084 Cupidine
731 2015 824 2068 bellai

147 2092 219 2145 'l'um
238 2093 330 2146 decuit
349 2094 478 2146 metuisse
496 2093 569 2146 tuis:
587 2109 658 2144 nunc
678 2108 739 2144 sera
757 2090 876 2158 querelis

147 2167 235 2224 Haud
252 2169 331 2222 iustis
353 2169 485 2234 adsurgis,
507 2172 537 2222 et
556 2169 638 2221 inrita
658 2167 747 2234 iurgia
768 2166 860 2220 iactas.
972 2181 995 2218 ae

185 2243 294 2297 Talibus
314 2246 410 2298 orabat
429 2245 506 2310 luno,
519 2244 664 2312 cunctique
676 2241 829 2296 fremebant

147 2321 300 2397 Caeliqrrlae
315 2321 433 2374 adsensu
450 2307 554 2384 varied
563 2337 613 2373 ceu
631 2319 738 2372 flamina
756 2318 844 2387 prima

147 2397 218 2450 Cum
238 2396 372 2464 deprensa
387 2397 509 2449 fremunt
528 2395 609 2463 silvis,
631 2400 660 2449 et
682 2412 770 2454 caeca
781 2394 906 2448 volutant

147 2473 298 2538 Murmura,
318 2478 446 2526 venturos
464 2472 554 2525 nautis
572 2471 857 2540 presentarentur<

147 2549 217 2602 Tum
236 2550 320 2602 Pater
337 2549 514 2616 omnipotens,
532 2564 624 2600 rerum
642 2548 686 2600 cui
702 2548 791 2616 prima
807 2549 937 2614 potestas,
960 2561 996 2598 roo

149 2625 233 2689 Infit3
256 2641 289 2678 eo
308 2623 520 2678 diceute*deum
540 2624 636 2676 domus
655 2623 711 2676 elta
731 2622 840 2688 silescit,

149 2701 186 2754 Et
204 2702 366 2755 tremefacta
384 2701 441 2754 solo
459 2701 557 2764 tellus;
581 2700 644 2752 silet
661 2700 763 2752 arduus
780 2698 894 2762 aether;

148 2777 217 2830 Turn
230 2777 345 2846 Zephyri
362 2793 494 2846 posuere;
515 2777 616 2844 premit
632 2776 739 2844 placida
755 2791 873 2844 aequora
888 2775 995 2840 pontus

150 2855 274 2923 Accipite
295 2870 359 2922 ergo
381 2854 477 2906 animis
497 2857 581 2921 atque
600 2853 667 2906 haec
685 2870 747 2906 mea
765 2852 841 2918 figite
859 2848 940 2900 dicta.

148 2930 375 2998 Quandoquidem
393 2929 529 2982 Ausonios
545 2929 670 2996 coniungi
686 2928 797 2980 foedere
814 2922 924 2977 Teucris
959 2938 994 2976 ros

149 3006 234 3059 Haud
251 3006 363 3073 licitum,
382 3023 432 3059 nec
450 3009 542 3058 vestra
561 3005 634 3072 capit
653 3002 789 3056 discordia
809 3000 906 3051 finem:

148 3081 225 3146 Quae
236 3081 335 3150 cuique
342 3086 385 3136 est
393 3081 503 3134 fortuna
511 3080 600 3145 hodie,
611 3095 693 3146 quam
702 3077 817 3144 quisque
826 3076 900 3128 secut
908 3089 993 3142 spem,

147 3158 215 3212 ‘ires
235 3158 389 3211 Rutulusne
407 3158 473 3220 fuat,
493 3156 566 3207 nullo
583 3152 737 3205 discrimine
756 3149 868 3210 habebo,
