<?xml version="1.0" encoding="UTF-8"?>
<!DOCTYPE html PUBLIC "-//W3C//DTD XHTML 1.0 Transitional//EN"
    "http://www.w3.org/TR/xhtml1/DTD/xhtml1-transitional.dtd">
<html xmlns="http://www.w3.org/1999/xhtml" xml:lang="en" lang="en">
 <head>
  <title>
</title>
<meta http-equiv="Content-Type" content="text/html;charset=utf-8" />
  <meta name='ocr-system' content='tesseract 3.04.00' />
  <meta name='ocr-capabilities' content='ocr_page ocr_carea ocr_par ocr_line ocrx_word'/>
</head>
<body>
  <div class='ocr_page' id='page_1' title='image "./operaexrecensio03virggoog_0169.png"; bbox 0 0 2152 3506; ppageno 0'>
   <div class='ocr_carea' id='block_1_1' title="bbox 378 95 967 191">
    <p class='ocr_par' dir='ltr' id='par_1_1' title="bbox 378 95 967 191">
     <span class='ocr_line' id='line_1_1' title="bbox 378 95 967 191; baseline 0.002 -1"><span class='ocrx_word' id='word_1_1' title='bbox 378 141 560 190; x_wconf 76' lang='lat' dir='ltr'>AENEIDOS</span> <span class='ocrx_word' id='word_1_2' title='bbox 578 141 647 190; x_wconf 90' lang='lat' dir='ltr'>LIB.</span> <span class='ocrx_word' id='word_1_3' title='bbox 669 141 717 188; x_wconf 81' lang='lat' dir='ltr'>lv.</span> <span class='ocrx_word' id='word_1_4' title='bbox 824 95 848 144; x_wconf 55' lang='grc' dir='ltr'><strong>ο</strong></span> <span class='ocrx_word' id='word_1_5' title='bbox 922 145 967 191; x_wconf 85' lang='grc'>155</span> 
     </span>
    </p>
   </div>
   <div class='ocr_carea' id='block_1_2' title="bbox 109 222 970 3184">
    <p class='ocr_par' dir='ltr' id='par_1_2' title="bbox 110 222 970 292">
     <span class='ocr_line' id='line_1_2' title="bbox 110 222 970 292; baseline -0.007 -12"><span class='ocrx_word' id='word_1_6' title='bbox 110 229 164 280; x_wconf 85' lang='lat' dir='ltr'>&#39;ler</span> <span class='ocrx_word' id='word_1_7' title='bbox 182 229 298 278; x_wconf 87' lang='lat' dir='ltr'>centum</span> <span class='ocrx_word' id='word_1_8' title='bbox 315 226 395 276; x_wconf 81' lang='lat' dir='ltr'>tonat</span> <span class='ocrx_word' id='word_1_9' title='bbox 412 239 460 276; x_wconf 89' lang='lat' dir='ltr'>ore</span> <span class='ocrx_word' id='word_1_10' title='bbox 477 223 550 288; x_wconf 89' lang='lat' dir='ltr'>deos,</span> <span class='ocrx_word' id='word_1_11' title='bbox 569 222 743 292; x_wconf 80' lang='lat' dir='ltr'><strong>Erebumque</strong></span> <span class='ocrx_word' id='word_1_12' title='bbox 761 222 904 292; x_wconf 77' lang='lat' dir='ltr'>Chaosque</span> <span class='ocrx_word' id='word_1_13' title='bbox 933 237 970 276; x_wconf 82' lang='lat' dir='ltr'>mo</span> 
     </span>
    </p>

    <p class='ocr_par' dir='ltr' id='par_1_3' title="bbox 110 299 913 370">
     <span class='ocr_line' id='line_1_3' title="bbox 110 299 913 370; baseline -0.002 -14"><span class='ocrx_word' id='word_1_14' title='bbox 110 301 360 370; x_wconf 84' lang='lat' dir='ltr'>Tergeminamque</span> <span class='ocrx_word' id='word_1_15' title='bbox 380 299 512 365; x_wconf 89' lang='lat' dir='ltr'>Hecaten,</span> <span class='ocrx_word' id='word_1_16' title='bbox 530 299 585 352; x_wconf 90' lang='lat' dir='ltr'>tria</span> <span class='ocrx_word' id='word_1_17' title='bbox 602 299 716 367; x_wconf 72' lang='lat' dir='ltr'>virginis</span> <span class='ocrx_word' id='word_1_18' title='bbox 735 314 782 352; x_wconf 87' lang='lat' dir='ltr'>ora</span> <span class='ocrx_word' id='word_1_19' title='bbox 800 299 913 354; x_wconf 87' lang='lat' dir='ltr'>Dianae.</span> 
     </span>
    </p>

    <p class='ocr_par' dir='ltr' id='par_1_4' title="bbox 111 375 817 448">
     <span class='ocr_line' id='line_1_4' title="bbox 111 375 817 448; baseline -0.006 -16"><span class='ocrx_word' id='word_1_20' title='bbox 111 379 260 448; x_wconf 76' lang='lat' dir='ltr'><strong>Sparserat</strong></span> <span class='ocrx_word' id='word_1_21' title='bbox 278 380 307 430; x_wconf 89' lang='lat' dir='ltr'>et</span> <span class='ocrx_word' id='word_1_22' title='bbox 324 375 421 429; x_wconf 89' lang='lat' dir='ltr'>latices</span> <span class='ocrx_word' id='word_1_23' title='bbox 441 375 583 429; x_wconf 89' lang='lat' dir='ltr'>simulatos</span> <span class='ocrx_word' id='word_1_24' title='bbox 601 375 686 428; x_wconf 82' lang='lat' dir='ltr'>fontis</span> <span class='ocrx_word' id='word_1_25' title='bbox 705 375 817 442; x_wconf 86' lang='lat' dir='ltr'>Averni,</span> 
     </span>
    </p>

    <p class='ocr_par' dir='ltr' id='par_1_5' title="bbox 111 451 872 520">
     <span class='ocr_line' id='line_1_5' title="bbox 111 451 872 520; baseline -0.003 -12"><span class='ocrx_word' id='word_1_26' title='bbox 111 453 243 508; x_wconf 82' lang='lat' dir='ltr'>Falcibus</span> <span class='ocrx_word' id='word_1_27' title='bbox 261 456 290 510; x_wconf 88' lang='lat' dir='ltr'>et</span> <span class='ocrx_word' id='word_1_28' title='bbox 308 468 413 505; x_wconf 81' lang='lat' dir='ltr'>messae</span> <span class='ocrx_word' id='word_1_29' title='bbox 431 451 468 504; x_wconf 87' lang='lat' dir='ltr'>ad</span> <span class='ocrx_word' id='word_1_30' title='bbox 487 451 591 504; x_wconf 86' lang='lat' dir='ltr'>Lunam</span> <span class='ocrx_word' id='word_1_31' title='bbox 609 455 780 520; x_wconf 85' lang='lat' dir='ltr'>quaeruntur</span> <span class='ocrx_word' id='word_1_32' title='bbox 797 453 872 506; x_wconf 88' lang='lat' dir='ltr'>aenis</span> 
     </span>
    </p>

    <p class='ocr_par' dir='ltr' id='par_1_6' title="bbox 111 527 762 595">
     <span class='ocr_line' id='line_1_6' title="bbox 111 527 762 595; baseline 0 -13"><span class='ocrx_word' id='word_1_33' title='bbox 111 531 254 584; x_wconf 88' lang='lat' dir='ltr'>Pubentes</span> <span class='ocrx_word' id='word_1_34' title='bbox 272 528 373 582; x_wconf 80' lang='lat' dir='ltr'>herbae</span> <span class='ocrx_word' id='word_1_35' title='bbox 390 527 462 595; x_wconf 80' lang='lat' dir='ltr'>nigri</span> <span class='ocrx_word' id='word_1_36' title='bbox 481 543 542 580; x_wconf 89' lang='lat' dir='ltr'>cum</span> <span class='ocrx_word' id='word_1_37' title='bbox 560 527 631 581; x_wconf 88' lang='lat' dir='ltr'>lacte</span> <span class='ocrx_word' id='word_1_38' title='bbox 649 529 762 593; x_wconf 90' lang='lat' dir='ltr'>veneni;</span> 
     </span>
    </p>

    <p class='ocr_par' dir='ltr' id='par_1_7' title="bbox 111 602 970 678">
     <span class='ocr_line' id='line_1_7' title="bbox 111 602 970 678; baseline 0 -20"><span class='ocrx_word' id='word_1_39' title='bbox 111 606 263 678; x_wconf 80' lang='lat' dir='ltr'>Quaeritur</span> <span class='ocrx_word' id='word_1_40' title='bbox 281 607 310 658; x_wconf 91' lang='lat' dir='ltr'>et</span> <span class='ocrx_word' id='word_1_41' title='bbox 326 604 464 678; x_wconf 82' lang='lat' dir='ltr'>nascentis</span> <span class='ocrx_word' id='word_1_42' title='bbox 483 604 547 674; x_wconf 85' lang='lat' dir='ltr'>equi</span> <span class='ocrx_word' id='word_1_43' title='bbox 567 602 602 656; x_wconf 90' lang='lat' dir='ltr'>de</span> <span class='ocrx_word' id='word_1_44' title='bbox 620 603 712 664; x_wconf 80' lang='lat' dir='ltr'>fronte</span> <span class='ocrx_word' id='word_1_45' title='bbox 731 604 853 674; x_wconf 80' lang='lat' dir='ltr'>revolsus</span> <span class='ocrx_word' id='word_1_46' title='bbox 932 621 970 662; x_wconf 79' lang='lat' dir='ltr'>ais</span> 
     </span>
    </p>

    <p class='ocr_par' dir='ltr' id='par_1_8' title="bbox 111 681 535 750">
     <span class='ocr_line' id='line_1_8' title="bbox 111 681 535 750; baseline -0.005 -16"><span class='ocrx_word' id='word_1_47' title='bbox 111 683 148 736; x_wconf 82' lang='lat' dir='ltr'>Et</span> <span class='ocrx_word' id='word_1_48' title='bbox 165 681 251 735; x_wconf 90' lang='lat' dir='ltr'>matri</span> <span class='ocrx_word' id='word_1_49' title='bbox 269 683 434 750; x_wconf 87' lang='lat' dir='ltr'>praereptus</span> <span class='ocrx_word' id='word_1_50' title='bbox 452 695 535 746; x_wconf 72' lang='lat' dir='ltr'>amer.</span> 
     </span>
    </p>

    <p class='ocr_par' dir='ltr' id='par_1_9' title="bbox 111 755 758 827">
     <span class='ocr_line' id='line_1_9' title="bbox 111 755 758 827; baseline -0.002 -16"><span class='ocrx_word' id='word_1_51' title='bbox 111 759 178 827; x_wconf 89' lang='lat' dir='ltr'>Ipsa</span> <span class='ocrx_word' id='word_1_52' title='bbox 195 757 270 810; x_wconf 87' lang='lat' dir='ltr'>mola</span> <span class='ocrx_word' id='word_1_53' title='bbox 286 756 467 824; x_wconf 88' lang='lat' dir='ltr'>manibusque</span> <span class='ocrx_word' id='word_1_54' title='bbox 484 755 537 824; x_wconf 90' lang='lat' dir='ltr'>piis</span> <span class='ocrx_word' id='word_1_55' title='bbox 555 755 654 810; x_wconf 88' lang='lat' dir='ltr'>altaria</span> <span class='ocrx_word' id='word_1_56' title='bbox 672 755 758 824; x_wconf 81' lang='lat' dir='ltr'>iuxta,</span> 
     </span>
    </p>

    <p class='ocr_par' dir='ltr' id='par_1_10' title="bbox 110 831 831 901">
     <span class='ocr_line' id='line_1_10' title="bbox 110 831 831 901; baseline 0.001 -14"><span class='ocrx_word' id='word_1_57' title='bbox 110 835 205 888; x_wconf 90' lang='lat' dir='ltr'>Unum</span> <span class='ocrx_word' id='word_1_58' title='bbox 223 837 308 887; x_wconf 81' lang='lat' dir='ltr'>exuta</span> <span class='ocrx_word' id='word_1_59' title='bbox 325 833 424 901; x_wconf 89' lang='lat' dir='ltr'>pedem</span> <span class='ocrx_word' id='word_1_60' title='bbox 443 831 544 899; x_wconf 89' lang='lat' dir='ltr'>vinclis,</span> <span class='ocrx_word' id='word_1_61' title='bbox 564 833 593 884; x_wconf 90' lang='lat' dir='ltr'>in</span> <span class='ocrx_word' id='word_1_62' title='bbox 611 837 688 887; x_wconf 87' lang='lat' dir='ltr'>veste</span> <span class='ocrx_word' id='word_1_63' title='bbox 705 833 831 901; x_wconf 79' lang='lat' dir='ltr'>recincta,</span> 
     </span>
    </p>

    <p class='ocr_par' dir='ltr' id='par_1_11' title="bbox 110 908 714 964">
     <span class='ocr_line' id='line_1_11' title="bbox 110 908 714 964; baseline -0.003 0"><span class='ocrx_word' id='word_1_64' title='bbox 110 911 243 964; x_wconf 75' lang='lat' dir='ltr'>Testatur</span> <span class='ocrx_word' id='word_1_65' title='bbox 260 909 395 962; x_wconf 88' lang='lat' dir='ltr'>meritura</span> <span class='ocrx_word' id='word_1_66' title='bbox 413 908 478 962; x_wconf 91' lang='lat' dir='ltr'>dees</span> <span class='ocrx_word' id='word_1_67' title='bbox 496 913 526 962; x_wconf 92' lang='lat' dir='ltr'>et</span> <span class='ocrx_word' id='word_1_68' title='bbox 544 909 649 962; x_wconf 90' lang='lat' dir='ltr'>conseia</span> <span class='ocrx_word' id='word_1_69' title='bbox 666 909 714 962; x_wconf 85' lang='lat' dir='ltr'>fati</span> 
     </span>
    </p>

    <p class='ocr_par' dir='ltr' id='par_1_12' title="bbox 109 985 967 1054">
     <span class='ocr_line' id='line_1_12' title="bbox 109 985 967 1054; baseline 0.001 -13"><span class='ocrx_word' id='word_1_70' title='bbox 109 987 225 1051; x_wconf 86' lang='lat' dir='ltr'>Sidera;</span> <span class='ocrx_word' id='word_1_71' title='bbox 243 990 311 1054; x_wconf 89' lang='lat' dir='ltr'>tum,</span> <span class='ocrx_word' id='word_1_72' title='bbox 330 986 353 1038; x_wconf 92' lang='lat' dir='ltr'>si</span> <span class='ocrx_word' id='word_1_73' title='bbox 372 985 445 1053; x_wconf 90' lang='lat' dir='ltr'>quod</span> <span class='ocrx_word' id='word_1_74' title='bbox 463 1002 516 1038; x_wconf 88' lang='lat' dir='ltr'>nen</span> <span class='ocrx_word' id='word_1_75' title='bbox 535 1002 621 1054; x_wconf 84' lang='lat' dir='ltr'>acque</span> <span class='ocrx_word' id='word_1_76' title='bbox 639 985 750 1040; x_wconf 86' lang='lat' dir='ltr'>foedere</span> <span class='ocrx_word' id='word_1_77' title='bbox 768 987 885 1042; x_wconf 84' lang='lat' dir='ltr'>amantis</span> <span class='ocrx_word' id='word_1_78' title='bbox 932 1013 967 1052; x_wconf 69' lang='lat'>520</span> 
     </span>
    </p>

    <p class='ocr_par' dir='ltr' id='par_1_13' title="bbox 110 1062 932 1208">
     <span class='ocr_line' id='line_1_13' title="bbox 110 1062 932 1131; baseline 0.001 -14"><span class='ocrx_word' id='word_1_79' title='bbox 110 1065 203 1118; x_wconf 83' lang='lat' dir='ltr'>Curae</span> <span class='ocrx_word' id='word_1_80' title='bbox 220 1079 321 1115; x_wconf 88' lang='lat' dir='ltr'>numen</span> <span class='ocrx_word' id='word_1_81' title='bbox 339 1062 422 1115; x_wconf 87' lang='lat' dir='ltr'>habet</span> <span class='ocrx_word' id='word_1_82' title='bbox 439 1062 597 1130; x_wconf 90' lang='lat' dir='ltr'>iustumque</span> <span class='ocrx_word' id='word_1_83' title='bbox 614 1078 779 1131; x_wconf 84' lang='lat' dir='ltr'>memorque,</span> <span class='ocrx_word' id='word_1_84' title='bbox 797 1067 932 1131; x_wconf 87' lang='lat' dir='ltr'>precatur.</span> 
     </span>
     <span class='ocr_line' id='line_1_14' title="bbox 144 1137 897 1208; baseline -0.001 -15"><span class='ocrx_word' id='word_1_85' title='bbox 144 1140 171 1194; x_wconf 90' lang='lat' dir='ltr'>N</span> <span class='ocrx_word' id='word_1_86' title='bbox 174 1157 210 1193; x_wconf 84' lang='lat' dir='ltr'>ox</span> <span class='ocrx_word' id='word_1_87' title='bbox 228 1143 296 1205; x_wconf 88' lang='lat' dir='ltr'>erat,</span> <span class='ocrx_word' id='word_1_88' title='bbox 315 1142 345 1192; x_wconf 92' lang='lat' dir='ltr'>et</span> <span class='ocrx_word' id='word_1_89' title='bbox 362 1137 496 1207; x_wconf 84' lang='lat' dir='ltr'>placidum</span> <span class='ocrx_word' id='word_1_90' title='bbox 516 1137 664 1207; x_wconf 70' lang='lat' dir='ltr'>carpebant</span> <span class='ocrx_word' id='word_1_91' title='bbox 682 1139 754 1192; x_wconf 82' lang='lat' dir='ltr'>fessa</span> <span class='ocrx_word' id='word_1_92' title='bbox 773 1155 897 1208; x_wconf 87' lang='lat' dir='ltr'>soporem</span> 
     </span>
    </p>

    <p class='ocr_par' dir='ltr' id='par_1_14' title="bbox 110 1213 864 1285">
     <span class='ocr_line' id='line_1_15' title="bbox 110 1213 864 1285; baseline -0.003 -15"><span class='ocrx_word' id='word_1_93' title='bbox 110 1217 233 1285; x_wconf 84' lang='lat' dir='ltr'>Corpora</span> <span class='ocrx_word' id='word_1_94' title='bbox 251 1231 302 1284; x_wconf 87' lang='lat' dir='ltr'>per</span> <span class='ocrx_word' id='word_1_95' title='bbox 318 1218 415 1280; x_wconf 86' lang='lat' dir='ltr'>terras,</span> <span class='ocrx_word' id='word_1_96' title='bbox 435 1213 572 1283; x_wconf 89' lang='lat' dir='ltr'>silvaeque</span> <span class='ocrx_word' id='word_1_97' title='bbox 591 1218 621 1268; x_wconf 94' lang='lat' dir='ltr'>et</span> <span class='ocrx_word' id='word_1_98' title='bbox 639 1231 719 1268; x_wconf 85' lang='lat' dir='ltr'>saeva</span> <span class='ocrx_word' id='word_1_99' title='bbox 738 1216 864 1284; x_wconf 75' lang='lat' dir='ltr'>quierant</span> 
     </span>
    </p>

    <p class='ocr_par' dir='ltr' id='par_1_15' title="bbox 111 1289 820 1361">
     <span class='ocr_line' id='line_1_16' title="bbox 111 1289 820 1361; baseline -0.006 -15"><span class='ocrx_word' id='word_1_100' title='bbox 111 1296 252 1361; x_wconf 86' lang='lat' dir='ltr'>Aequora,</span> <span class='ocrx_word' id='word_1_101' title='bbox 271 1308 333 1344; x_wconf 92' lang='lat' dir='ltr'>cum</span> <span class='ocrx_word' id='word_1_102' title='bbox 351 1290 442 1343; x_wconf 89' lang='lat' dir='ltr'>medie</span> <span class='ocrx_word' id='word_1_103' title='bbox 461 1291 606 1343; x_wconf 89' lang='lat' dir='ltr'>volvuntur</span> <span class='ocrx_word' id='word_1_104' title='bbox 627 1289 719 1344; x_wconf 87' lang='lat' dir='ltr'>sidera</span> <span class='ocrx_word' id='word_1_105' title='bbox 736 1291 820 1358; x_wconf 90' lang='lat' dir='ltr'>lapsu,</span> 
     </span>
    </p>

    <p class='ocr_par' dir='ltr' id='par_1_16' title="bbox 110 1365 968 1435">
     <span class='ocr_line' id='line_1_17' title="bbox 110 1365 968 1435; baseline 0 -14"><span class='ocrx_word' id='word_1_106' title='bbox 110 1369 182 1422; x_wconf 82' lang='lat' dir='ltr'>Cum</span> <span class='ocrx_word' id='word_1_107' title='bbox 196 1371 272 1421; x_wconf 91' lang='lat' dir='ltr'>tacet</span> <span class='ocrx_word' id='word_1_108' title='bbox 283 1367 370 1420; x_wconf 89' lang='lat' dir='ltr'>omnis</span> <span class='ocrx_word' id='word_1_109' title='bbox 382 1383 455 1434; x_wconf 83' lang='lat' dir='ltr'>ager,</span> <span class='ocrx_word' id='word_1_110' title='bbox 467 1366 587 1435; x_wconf 87' lang='lat' dir='ltr'>pecudes</span> <span class='ocrx_word' id='word_1_111' title='bbox 600 1366 746 1434; x_wconf 82' lang='lat' dir='ltr'>pictaeque</span> <span class='ocrx_word' id='word_1_112' title='bbox 758 1365 887 1434; x_wconf 87' lang='lat' dir='ltr'>volucres,</span> <span class='ocrx_word' id='word_1_113' title='bbox 932 1382 968 1421; x_wconf 79' lang='lat' dir='ltr'>trs</span> 
     </span>
    </p>

    <p class='ocr_par' dir='ltr' id='par_1_17' title="bbox 112 1442 921 1512">
     <span class='ocr_line' id='line_1_18' title="bbox 112 1442 921 1512; baseline -0.001 -15"><span class='ocrx_word' id='word_1_114' title='bbox 112 1444 246 1512; x_wconf 83' lang='lat' dir='ltr'>Quaeque</span> <span class='ocrx_word' id='word_1_115' title='bbox 263 1443 337 1495; x_wconf 87' lang='lat' dir='ltr'>lacus</span> <span class='ocrx_word' id='word_1_116' title='bbox 355 1443 410 1496; x_wconf 92' lang='lat' dir='ltr'>late</span> <span class='ocrx_word' id='word_1_117' title='bbox 427 1442 552 1511; x_wconf 87' lang='lat' dir='ltr'>liquidos,</span> <span class='ocrx_word' id='word_1_118' title='bbox 573 1458 697 1510; x_wconf 86' lang='lat' dir='ltr'>quaeque</span> <span class='ocrx_word' id='word_1_119' title='bbox 716 1459 812 1509; x_wconf 87' lang='lat' dir='ltr'>aspera</span> <span class='ocrx_word' id='word_1_120' title='bbox 831 1443 921 1497; x_wconf 91' lang='lat' dir='ltr'>dumis</span> 
     </span>
    </p>

    <p class='ocr_par' dir='ltr' id='par_1_18' title="bbox 112 1517 826 1587">
     <span class='ocr_line' id='line_1_19' title="bbox 112 1517 826 1587; baseline -0.001 -14"><span class='ocrx_word' id='word_1_121' title='bbox 112 1521 190 1573; x_wconf 85' lang='lat' dir='ltr'>ltura</span> <span class='ocrx_word' id='word_1_122' title='bbox 207 1523 311 1585; x_wconf 88' lang='lat' dir='ltr'>tenent,</span> <span class='ocrx_word' id='word_1_123' title='bbox 330 1535 423 1571; x_wconf 90' lang='lat' dir='ltr'>somno</span> <span class='ocrx_word' id='word_1_124' title='bbox 440 1519 545 1587; x_wconf 86' lang='lat' dir='ltr'>positae</span> <span class='ocrx_word' id='word_1_125' title='bbox 564 1517 615 1571; x_wconf 91' lang='lat' dir='ltr'>sub</span> <span class='ocrx_word' id='word_1_126' title='bbox 632 1521 714 1572; x_wconf 89' lang='lat' dir='ltr'>necte</span> <span class='ocrx_word' id='word_1_127' title='bbox 736 1519 826 1572; x_wconf 89' lang='lat' dir='ltr'>silenti</span> 
     </span>
    </p>

    <p class='ocr_par' dir='ltr' id='par_1_19' title="bbox 110 1593 778 1666">
     <span class='ocr_line' id='line_1_20' title="bbox 110 1593 778 1666; baseline -0.001 -17"><span class='ocrx_word' id='word_1_128' title='bbox 110 1595 264 1666; x_wconf 88' lang='lat' dir='ltr'>[Lenibaut</span> <span class='ocrx_word' id='word_1_129' title='bbox 281 1611 366 1659; x_wconf 84' lang='lat' dir='ltr'>curas,</span> <span class='ocrx_word' id='word_1_130' title='bbox 386 1599 415 1648; x_wconf 89' lang='lat' dir='ltr'>et</span> <span class='ocrx_word' id='word_1_131' title='bbox 432 1594 515 1647; x_wconf 90' lang='lat' dir='ltr'>corda</span> <span class='ocrx_word' id='word_1_132' title='bbox 533 1594 617 1648; x_wconf 86' lang='lat' dir='ltr'>oblita</span> <span class='ocrx_word' id='word_1_133' title='bbox 636 1593 778 1664; x_wconf 78' lang='lat' dir='ltr'>laboruml.</span> 
     </span>
    </p>

    <p class='ocr_par' dir='ltr' id='par_1_20' title="bbox 111 1670 828 1739">
     <span class='ocr_line' id='line_1_21' title="bbox 111 1670 828 1739; baseline -0.001 -14"><span class='ocrx_word' id='word_1_134' title='bbox 111 1674 154 1726; x_wconf 88' lang='lat' dir='ltr'>At</span> <span class='ocrx_word' id='word_1_135' title='bbox 171 1688 227 1724; x_wconf 91' lang='lat' dir='ltr'>nen</span> <span class='ocrx_word' id='word_1_136' title='bbox 245 1670 338 1724; x_wconf 81' lang='lat' dir='ltr'>infelix</span> <span class='ocrx_word' id='word_1_137' title='bbox 355 1671 437 1723; x_wconf 88' lang='lat' dir='ltr'>animi</span> <span class='ocrx_word' id='word_1_138' title='bbox 457 1671 610 1736; x_wconf 85' lang='lat' dir='ltr'>Phoenissa,</span> <span class='ocrx_word' id='word_1_139' title='bbox 629 1687 679 1724; x_wconf 86' lang='lat' dir='ltr'>nec</span> <span class='ocrx_word' id='word_1_140' title='bbox 699 1688 828 1739; x_wconf 89' lang='lat' dir='ltr'>umquam</span> 
     </span>
    </p>

    <p class='ocr_par' dir='ltr' id='par_1_21' title="bbox 112 1747 968 1816">
     <span class='ocr_line' id='line_1_22' title="bbox 112 1747 968 1816; baseline 0.002 -14"><span class='ocrx_word' id='word_1_141' title='bbox 112 1748 236 1802; x_wconf 84' lang='lat' dir='ltr'>Solvitur</span> <span class='ocrx_word' id='word_1_142' title='bbox 252 1747 280 1799; x_wconf 91' lang='lat' dir='ltr'>in</span> <span class='ocrx_word' id='word_1_143' title='bbox 298 1762 412 1812; x_wconf 88' lang='lat' dir='ltr'>somnos,</span> <span class='ocrx_word' id='word_1_144' title='bbox 431 1747 548 1800; x_wconf 87' lang='lat' dir='ltr'>oculisve</span> <span class='ocrx_word' id='word_1_145' title='bbox 567 1750 616 1800; x_wconf 91' lang='lat' dir='ltr'>aut</span> <span class='ocrx_word' id='word_1_146' title='bbox 633 1750 744 1816; x_wconf 92' lang='lat' dir='ltr'>pectore</span> <span class='ocrx_word' id='word_1_147' title='bbox 762 1753 870 1802; x_wconf 88' lang='lat' dir='ltr'>noctem</span> <span class='ocrx_word' id='word_1_148' title='bbox 931 1763 968 1804; x_wconf 73' lang='lat' dir='ltr'>aaa</span> 
     </span>
    </p>

    <p class='ocr_par' dir='ltr' id='par_1_22' title="bbox 113 1823 864 1892">
     <span class='ocr_line' id='line_1_23' title="bbox 113 1823 864 1892; baseline -0.003 -14"><span class='ocrx_word' id='word_1_149' title='bbox 113 1825 240 1890; x_wconf 83' lang='lat' dir='ltr'>Accipit:</span> <span class='ocrx_word' id='word_1_150' title='bbox 258 1823 427 1891; x_wconf 84' lang='lat' dir='ltr'>ingeminant</span> <span class='ocrx_word' id='word_1_151' title='bbox 444 1839 533 1890; x_wconf 88' lang='lat' dir='ltr'>curae,</span> <span class='ocrx_word' id='word_1_152' title='bbox 551 1840 700 1891; x_wconf 87' lang='lat' dir='ltr'>rursusque</span> <span class='ocrx_word' id='word_1_153' title='bbox 718 1840 864 1892; x_wconf 85' lang='lat' dir='ltr'>resurgens</span> 
     </span>
    </p>

    <p class='ocr_par' dir='ltr' id='par_1_23' title="bbox 112 1899 834 1968">
     <span class='ocr_line' id='line_1_24' title="bbox 112 1899 834 1968; baseline -0.003 -13"><span class='ocrx_word' id='word_1_154' title='bbox 112 1901 208 1954; x_wconf 79' lang='lat' dir='ltr'>Saevit</span> <span class='ocrx_word' id='word_1_155' title='bbox 227 1916 309 1966; x_wconf 90' lang='lat' dir='ltr'>amor,</span> <span class='ocrx_word' id='word_1_156' title='bbox 328 1916 480 1968; x_wconf 82' lang='lat' dir='ltr'>magnoque</span> <span class='ocrx_word' id='word_1_157' title='bbox 498 1901 600 1952; x_wconf 89' lang='lat' dir='ltr'>irarum</span> <span class='ocrx_word' id='word_1_158' title='bbox 618 1899 732 1953; x_wconf 86' lang='lat' dir='ltr'>fluctuat</span> <span class='ocrx_word' id='word_1_159' title='bbox 749 1905 834 1954; x_wconf 89' lang='lat' dir='ltr'>aestu.</span> 
     </span>
    </p>

    <p class='ocr_par' dir='ltr' id='par_1_24' title="bbox 113 1975 833 2043">
     <span class='ocr_line' id='line_1_25' title="bbox 113 1975 833 2043; baseline -0.001 -13"><span class='ocrx_word' id='word_1_160' title='bbox 113 1978 158 2031; x_wconf 84' lang='lat' dir='ltr'>Sic</span> <span class='ocrx_word' id='word_1_161' title='bbox 177 1975 246 2029; x_wconf 90' lang='lat' dir='ltr'>adeo</span> <span class='ocrx_word' id='word_1_162' title='bbox 263 1975 374 2041; x_wconf 86' lang='lat' dir='ltr'>insistit,</span> <span class='ocrx_word' id='word_1_163' title='bbox 393 1991 538 2043; x_wconf 87' lang='lat' dir='ltr'>secumque</span> <span class='ocrx_word' id='word_1_164' title='bbox 556 1977 595 2029; x_wconf 89' lang='lat' dir='ltr'>ita</span> <span class='ocrx_word' id='word_1_165' title='bbox 614 1976 696 2029; x_wconf 91' lang='lat' dir='ltr'>corde</span> <span class='ocrx_word' id='word_1_166' title='bbox 715 1976 833 2030; x_wconf 89' lang='lat' dir='ltr'>volutat:</span> 
     </span>
    </p>

    <p class='ocr_par' dir='ltr' id='par_1_25' title="bbox 113 2051 821 2121">
     <span class='ocr_line' id='line_1_26' title="bbox 113 2051 821 2121; baseline -0.001 -15"><span class='ocrx_word' id='word_1_167' title='bbox 113 2053 165 2120; x_wconf 82' lang='lat' dir='ltr'>lin,</span> <span class='ocrx_word' id='word_1_168' title='bbox 184 2051 251 2121; x_wconf 89' lang='lat' dir='ltr'>quid</span> <span class='ocrx_word' id='word_1_169' title='bbox 268 2053 336 2118; x_wconf 82' lang='lat' dir='ltr'>agol</span> <span class='ocrx_word' id='word_1_170' title='bbox 354 2068 484 2105; x_wconf 88' lang='lat' dir='ltr'>rursusne</span> <span class='ocrx_word' id='word_1_171' title='bbox 501 2068 597 2120; x_wconf 90' lang='lat' dir='ltr'>procos</span> <span class='ocrx_word' id='word_1_172' title='bbox 615 2052 698 2104; x_wconf 85' lang='lat' dir='ltr'>inrisu</span> <span class='ocrx_word' id='word_1_173' title='bbox 717 2052 821 2120; x_wconf 86' lang='lat' dir='ltr'>priores</span> 
     </span>
    </p>

    <p class='ocr_par' dir='ltr' id='par_1_26' title="bbox 112 2127 967 2198">
     <span class='ocr_line' id='line_1_27' title="bbox 112 2127 967 2198; baseline 0.001 -16"><span class='ocrx_word' id='word_1_174' title='bbox 112 2128 257 2198; x_wconf 76' lang='lat' dir='ltr'>Experiar,</span> <span class='ocrx_word' id='word_1_175' title='bbox 275 2128 484 2196; x_wconf 83' lang='lat' dir='ltr'>Nomadumque</span> <span class='ocrx_word' id='word_1_176' title='bbox 502 2131 594 2196; x_wconf 89' lang='lat' dir='ltr'>petam</span> <span class='ocrx_word' id='word_1_177' title='bbox 614 2127 747 2180; x_wconf 90' lang='lat' dir='ltr'>connubia</span> <span class='ocrx_word' id='word_1_178' title='bbox 766 2129 888 2196; x_wconf 85' lang='lat' dir='ltr'>supplex,</span> <span class='ocrx_word' id='word_1_179' title='bbox 930 2143 967 2183; x_wconf 77' lang='lat' dir='ltr'>aas</span> 
     </span>
    </p>

    <p class='ocr_par' dir='ltr' id='par_1_27' title="bbox 113 2203 831 2271">
     <span class='ocr_line' id='line_1_28' title="bbox 113 2203 831 2271; baseline -0.001 -13"><span class='ocrx_word' id='word_1_180' title='bbox 113 2207 190 2271; x_wconf 85' lang='lat' dir='ltr'>Quos</span> <span class='ocrx_word' id='word_1_181' title='bbox 209 2220 260 2271; x_wconf 88' lang='lat' dir='ltr'>ego</span> <span class='ocrx_word' id='word_1_182' title='bbox 277 2204 327 2256; x_wconf 90' lang='lat' dir='ltr'>sim</span> <span class='ocrx_word' id='word_1_183' title='bbox 345 2204 447 2257; x_wconf 88' lang='lat' dir='ltr'>totiens</span> <span class='ocrx_word' id='word_1_184' title='bbox 464 2204 517 2257; x_wconf 86' lang='lat' dir='ltr'>iem</span> <span class='ocrx_word' id='word_1_185' title='bbox 537 2203 685 2271; x_wconf 82' lang='lat' dir='ltr'>dedignata</span> <span class='ocrx_word' id='word_1_186' title='bbox 703 2205 831 2257; x_wconf 86' lang='lat' dir='ltr'>maritosl</span> 
     </span>
    </p>

    <p class='ocr_par' dir='ltr' id='par_1_28' title="bbox 114 2279 790 2348">
     <span class='ocr_line' id='line_1_29' title="bbox 114 2279 790 2348; baseline -0.003 -14"><span class='ocrx_word' id='word_1_187' title='bbox 114 2281 214 2334; x_wconf 87' lang='lat' dir='ltr'>iliacas</span> <span class='ocrx_word' id='word_1_188' title='bbox 232 2280 316 2347; x_wconf 84' lang='lat' dir='ltr'>igitur</span> <span class='ocrx_word' id='word_1_189' title='bbox 333 2279 425 2332; x_wconf 88' lang='lat' dir='ltr'>classis</span> <span class='ocrx_word' id='word_1_190' title='bbox 443 2283 526 2348; x_wconf 87' lang='lat' dir='ltr'>atque</span> <span class='ocrx_word' id='word_1_191' title='bbox 544 2279 640 2332; x_wconf 88' lang='lat' dir='ltr'>ultima</span> <span class='ocrx_word' id='word_1_192' title='bbox 659 2281 790 2333; x_wconf 87' lang='lat' dir='ltr'>Teucrum</span> 
     </span>
    </p>

    <p class='ocr_par' dir='ltr' id='par_1_29' title="bbox 115 2355 864 2424">
     <span class='ocr_line' id='line_1_30' title="bbox 115 2355 864 2424; baseline -0.003 -14"><span class='ocrx_word' id='word_1_193' title='bbox 115 2358 197 2410; x_wconf 88' lang='lat' dir='ltr'>iussa</span> <span class='ocrx_word' id='word_1_194' title='bbox 215 2356 327 2424; x_wconf 81' lang='lat' dir='ltr'>aequari</span> <span class='ocrx_word' id='word_1_195' title='bbox 347 2355 446 2424; x_wconf 84' lang='lat' dir='ltr'>quiana</span> <span class='ocrx_word' id='word_1_196' title='bbox 464 2356 564 2409; x_wconf 84' lang='lat' dir='ltr'>auxilio</span> <span class='ocrx_word' id='word_1_197' title='bbox 580 2355 655 2409; x_wconf 89' lang='lat' dir='ltr'>iuvet</span> <span class='ocrx_word' id='word_1_198' title='bbox 673 2359 737 2409; x_wconf 87' lang='lat' dir='ltr'>ante</span> <span class='ocrx_word' id='word_1_199' title='bbox 754 2356 864 2422; x_wconf 90' lang='lat' dir='ltr'>levatos,</span> 
     </span>
    </p>

    <p class='ocr_par' dir='ltr' id='par_1_30' title="bbox 114 2431 885 2500">
     <span class='ocr_line' id='line_1_31' title="bbox 114 2431 885 2500; baseline -0.001 -14"><span class='ocrx_word' id='word_1_200' title='bbox 114 2434 153 2486; x_wconf 84' lang='lat' dir='ltr'>Et</span> <span class='ocrx_word' id='word_1_201' title='bbox 170 2432 241 2485; x_wconf 90' lang='lat' dir='ltr'>bene</span> <span class='ocrx_word' id='word_1_202' title='bbox 259 2431 332 2500; x_wconf 87' lang='lat' dir='ltr'>apud</span> <span class='ocrx_word' id='word_1_203' title='bbox 351 2448 485 2484; x_wconf 89' lang='lat' dir='ltr'>memores</span> <span class='ocrx_word' id='word_1_204' title='bbox 503 2432 606 2485; x_wconf 89' lang='lat' dir='ltr'>veteris</span> <span class='ocrx_word' id='word_1_205' title='bbox 625 2435 681 2485; x_wconf 87' lang='lat' dir='ltr'>stat</span> <span class='ocrx_word' id='word_1_206' title='bbox 698 2433 787 2498; x_wconf 80' lang='lat' dir='ltr'>gratia</span> <span class='ocrx_word' id='word_1_207' title='bbox 804 2433 885 2486; x_wconf 85' lang='lat' dir='ltr'>fectil</span> 
     </span>
    </p>

    <p class='ocr_par' dir='ltr' id='par_1_31' title="bbox 115 2506 968 2575">
     <span class='ocr_line' id='line_1_32' title="bbox 115 2506 968 2575; baseline 0 -13"><span class='ocrx_word' id='word_1_208' title='bbox 115 2509 184 2574; x_wconf 84' lang='lat' dir='ltr'>Quis</span> <span class='ocrx_word' id='word_1_209' title='bbox 196 2525 241 2561; x_wconf 92' lang='lat' dir='ltr'>me</span> <span class='ocrx_word' id='word_1_210' title='bbox 253 2511 352 2571; x_wconf 90' lang='lat' dir='ltr'>autem,</span> <span class='ocrx_word' id='word_1_211' title='bbox 364 2506 407 2560; x_wconf 83' lang='lat' dir='ltr'>fac</span> <span class='ocrx_word' id='word_1_212' title='bbox 419 2508 496 2573; x_wconf 86' lang='lat' dir='ltr'>velle,</span> <span class='ocrx_word' id='word_1_213' title='bbox 510 2509 589 2574; x_wconf 90' lang='lat' dir='ltr'>siuet,</span> <span class='ocrx_word' id='word_1_214' title='bbox 603 2507 741 2561; x_wconf 83' lang='lat' dir='ltr'>ratibusve</span> <span class='ocrx_word' id='word_1_215' title='bbox 755 2507 880 2575; x_wconf 88' lang='lat' dir='ltr'>superbis</span> <span class='ocrx_word' id='word_1_216' title='bbox 931 2523 968 2562; x_wconf 77' lang='lat' dir='ltr'>mo</span> 
     </span>
    </p>

    <p class='ocr_par' dir='ltr' id='par_1_32' title="bbox 116 2583 838 2654">
     <span class='ocr_line' id='line_1_33' title="bbox 116 2583 838 2654; baseline -0.001 -16"><span class='ocrx_word' id='word_1_217' title='bbox 116 2586 237 2638; x_wconf 79' lang='lat' dir='ltr'>invisam</span> <span class='ocrx_word' id='word_1_218' title='bbox 256 2583 384 2653; x_wconf 84' lang='lat' dir='ltr'>accipietl</span> <span class='ocrx_word' id='word_1_219' title='bbox 402 2585 490 2637; x_wconf 89' lang='lat' dir='ltr'>nescis</span> <span class='ocrx_word' id='word_1_220' title='bbox 508 2584 569 2652; x_wconf 89' lang='lat' dir='ltr'>heu,</span> <span class='ocrx_word' id='word_1_221' title='bbox 587 2584 703 2654; x_wconf 89' lang='lat' dir='ltr'>perdita,</span> <span class='ocrx_word' id='word_1_222' title='bbox 722 2585 838 2637; x_wconf 90' lang='lat' dir='ltr'>necdum</span> 
     </span>
    </p>

    <p class='ocr_par' dir='ltr' id='par_1_33' title="bbox 116 2661 703 2730">
     <span class='ocr_line' id='line_1_34' title="bbox 116 2661 703 2730; baseline 0.002 -17"><span class='ocrx_word' id='word_1_223' title='bbox 116 2661 337 2714; x_wconf 84' lang='lat' dir='ltr'>Laomedonteae</span> <span class='ocrx_word' id='word_1_224' title='bbox 355 2662 440 2714; x_wconf 88' lang='lat' dir='ltr'>sentis</span> <span class='ocrx_word' id='word_1_225' title='bbox 457 2662 578 2730; x_wconf 86' lang='lat' dir='ltr'>periuria</span> <span class='ocrx_word' id='word_1_226' title='bbox 596 2661 703 2730; x_wconf 70' lang='lat' dir='ltr'>gentis?</span> 
     </span>
    </p>

    <p class='ocr_par' dir='ltr' id='par_1_34' title="bbox 116 2736 869 2805">
     <span class='ocr_line' id='line_1_35' title="bbox 116 2736 869 2805; baseline 0.003 -16"><span class='ocrx_word' id='word_1_227' title='bbox 116 2736 192 2800; x_wconf 84' lang='lat' dir='ltr'>Quid</span> <span class='ocrx_word' id='word_1_228' title='bbox 209 2739 287 2790; x_wconf 81' lang='lat' dir='ltr'>tami</span> <span class='ocrx_word' id='word_1_229' title='bbox 306 2737 363 2790; x_wconf 88' lang='lat' dir='ltr'>sela</span> <span class='ocrx_word' id='word_1_230' title='bbox 380 2739 446 2805; x_wconf 82' lang='lat' dir='ltr'>fuga</span> <span class='ocrx_word' id='word_1_231' title='bbox 463 2742 560 2791; x_wconf 86' lang='lat' dir='ltr'>nautas</span> <span class='ocrx_word' id='word_1_232' title='bbox 579 2738 728 2791; x_wconf 85' lang='lat' dir='ltr'>comitabor</span> <span class='ocrx_word' id='word_1_233' title='bbox 746 2737 869 2791; x_wconf 86' lang='lat' dir='ltr'>ovantisl</span> 
     </span>
    </p>

    <p class='ocr_par' dir='ltr' id='par_1_35' title="bbox 117 2812 771 2882">
     <span class='ocr_line' id='line_1_36' title="bbox 117 2812 771 2882; baseline 0.002 -17"><span class='ocrx_word' id='word_1_234' title='bbox 117 2817 164 2865; x_wconf 81' lang='lat' dir='ltr'>Au</span> <span class='ocrx_word' id='word_1_235' title='bbox 183 2812 268 2880; x_wconf 84' lang='lat' dir='ltr'>Tyriis</span> <span class='ocrx_word' id='word_1_236' title='bbox 286 2816 414 2882; x_wconf 90' lang='lat' dir='ltr'>omnique</span> <span class='ocrx_word' id='word_1_237' title='bbox 431 2830 513 2866; x_wconf 85' lang='lat' dir='ltr'>uranu</span> <span class='ocrx_word' id='word_1_238' title='bbox 531 2815 633 2882; x_wconf 85' lang='lat' dir='ltr'>stipata</span> <span class='ocrx_word' id='word_1_239' title='bbox 650 2831 771 2867; x_wconf 90' lang='lat' dir='ltr'>meorum</span> 
     </span>
    </p>

    <p class='ocr_par' dir='ltr' id='par_1_36' title="bbox 117 2889 968 2958">
     <span class='ocr_line' id='line_1_37' title="bbox 117 2889 968 2958; baseline 0.001 -17"><span class='ocrx_word' id='word_1_240' title='bbox 117 2889 233 2955; x_wconf 79' lang='lat' dir='ltr'>Inserer,</span> <span class='ocrx_word' id='word_1_241' title='bbox 252 2891 288 2955; x_wconf 81' lang='lat' dir='ltr'>et,</span> <span class='ocrx_word' id='word_1_242' title='bbox 306 2906 374 2958; x_wconf 91' lang='lat' dir='ltr'>quos</span> <span class='ocrx_word' id='word_1_243' title='bbox 393 2889 503 2943; x_wconf 80' lang='lat' dir='ltr'>Sidonia</span> <span class='ocrx_word' id='word_1_244' title='bbox 520 2891 565 2942; x_wconf 89' lang='lat' dir='ltr'>vix</span> <span class='ocrx_word' id='word_1_245' title='bbox 583 2889 651 2942; x_wconf 94' lang='lat' dir='ltr'>urbe</span> <span class='ocrx_word' id='word_1_246' title='bbox 669 2890 769 2955; x_wconf 90' lang='lat' dir='ltr'>revelli,</span> <span class='ocrx_word' id='word_1_247' title='bbox 931 2901 968 2942; x_wconf 74' lang='lat' dir='ltr'>ais</span> 
     </span>
    </p>

    <p class='ocr_par' dir='ltr' id='par_1_37' title="bbox 117 2963 891 3034">
     <span class='ocr_line' id='line_1_38' title="bbox 117 2963 891 3034; baseline 0 -18"><span class='ocrx_word' id='word_1_248' title='bbox 117 2965 225 3017; x_wconf 88' lang='lat' dir='ltr'>Rursus</span> <span class='ocrx_word' id='word_1_249' title='bbox 242 2981 320 3032; x_wconf 53' lang='lat' dir='ltr'>Qum</span> <span class='ocrx_word' id='word_1_250' title='bbox 338 2967 443 3034; x_wconf 79' lang='lat' dir='ltr'>pelago,</span> <span class='ocrx_word' id='word_1_251' title='bbox 461 2969 490 3018; x_wconf 90' lang='lat' dir='ltr'>et</span> <span class='ocrx_word' id='word_1_252' title='bbox 507 2967 597 3019; x_wconf 89' lang='lat' dir='ltr'>ventis</span> <span class='ocrx_word' id='word_1_253' title='bbox 614 2966 680 3018; x_wconf 86' lang='lat' dir='ltr'>dare</span> <span class='ocrx_word' id='word_1_254' title='bbox 699 2965 759 3018; x_wconf 86' lang='lat' dir='ltr'>vela</span> <span class='ocrx_word' id='word_1_255' title='bbox 776 2963 891 3017; x_wconf 86' lang='lat' dir='ltr'>iubebol</span> 
     </span>
    </p>

    <p class='ocr_par' dir='ltr' id='par_1_38' title="bbox 118 3038 945 3109">
     <span class='ocr_line' id='line_1_39' title="bbox 118 3038 945 3109; baseline -0.001 -15"><span class='ocrx_word' id='word_1_256' title='bbox 118 3041 191 3106; x_wconf 82' lang='lat' dir='ltr'>Quin</span> <span class='ocrx_word' id='word_1_257' title='bbox 209 3057 323 3108; x_wconf 90' lang='lat' dir='ltr'>morere,</span> <span class='ocrx_word' id='word_1_258' title='bbox 341 3044 374 3093; x_wconf 89' lang='lat' dir='ltr'>ut</span> <span class='ocrx_word' id='word_1_259' title='bbox 390 3041 490 3094; x_wconf 88' lang='lat' dir='ltr'>merita</span> <span class='ocrx_word' id='word_1_260' title='bbox 507 3057 543 3108; x_wconf 90' lang='lat' dir='ltr'>es,</span> <span class='ocrx_word' id='word_1_261' title='bbox 561 3041 688 3109; x_wconf 80' lang='lat' dir='ltr'>ferroque</span> <span class='ocrx_word' id='word_1_262' title='bbox 706 3044 799 3093; x_wconf 88' lang='lat' dir='ltr'>averte</span> <span class='ocrx_word' id='word_1_263' title='bbox 817 3038 945 3092; x_wconf 87' lang='lat' dir='ltr'>delorem.</span> 
     </span>
    </p>

    <p class='ocr_par' dir='ltr' id='par_1_39' title="bbox 117 3113 800 3184">
     <span class='ocr_line' id='line_1_40' title="bbox 117 3113 800 3184; baseline -0.007 -16"><span class='ocrx_word' id='word_1_264' title='bbox 117 3115 159 3169; x_wconf 78' lang='lat' dir='ltr'>&#39;vu</span> <span class='ocrx_word' id='word_1_265' title='bbox 176 3115 296 3170; x_wconf 83' lang='lat' dir='ltr'>lacrimis</span> <span class='ocrx_word' id='word_1_266' title='bbox 313 3118 401 3172; x_wconf 89' lang='lat' dir='ltr'>evicta</span> <span class='ocrx_word' id='word_1_267' title='bbox 419 3118 495 3184; x_wconf 90' lang='lat' dir='ltr'>meis,</span> <span class='ocrx_word' id='word_1_268' title='bbox 512 3113 544 3169; x_wconf 86' lang='lat' dir='ltr'>tu</span> <span class='ocrx_word' id='word_1_269' title='bbox 561 3118 648 3184; x_wconf 88' lang='lat' dir='ltr'>prima</span> <span class='ocrx_word' id='word_1_270' title='bbox 666 3117 800 3166; x_wconf 82' lang='lat' dir='ltr'>furentem</span> 
     </span>
    </p>
   </div>
   <div class='ocr_carea' id='block_1_3' title="bbox 118 3185 856 3310">
    <p class='ocr_par' dir='ltr' id='par_1_40' title="bbox 118 3185 856 3310">
     <span class='ocr_line' id='line_1_41' title="bbox 118 3185 856 3259; baseline -0.012 -14"><span class='ocrx_word' id='word_1_271' title='bbox 118 3191 179 3258; x_wconf 89' lang='lat' dir='ltr'>His,</span> <span class='ocrx_word' id='word_1_272' title='bbox 198 3207 337 3259; x_wconf 81' lang='lat' dir='ltr'>germana,</span> <span class='ocrx_word' id='word_1_273' title='bbox 350 3193 427 3245; x_wconf 86' lang='lat' dir='ltr'>nralis</span> <span class='ocrx_word' id='word_1_274' title='bbox 445 3207 544 3244; x_wconf 89' lang='lat' dir='ltr'>oneras</span> <span class='ocrx_word' id='word_1_275' title='bbox 563 3194 647 3256; x_wconf 85' lang='lat' dir='ltr'>atque</span> <span class='ocrx_word' id='word_1_276' title='bbox 666 3188 759 3238; x_wconf 70' lang='lat' dir='ltr'>obicis</span> <span class='ocrx_word' id='word_1_277' title='bbox 777 3185 856 3236; x_wconf 87' lang='lat' dir='ltr'>hosti.</span> 
     </span>
     <span class='ocr_line' id='line_1_42' title="bbox 189 3265 218 3310; baseline -0.034 0"><span class='ocrx_word' id='word_1_278' title='bbox 189 3265 218 3310; x_wconf 83' lang='lat'>18</span> 
     </span>
    </p>
   </div>
   <div class='ocr_carea' id='block_1_4' title="bbox 0 0 1089 3506">
    <p class='ocr_par' dir='ltr' id='par_1_41' title="bbox 0 0 1089 3506">
     <span class='ocr_line' id='line_1_43' title="bbox 0 0 1089 3506; baseline 0 0"><span class='ocrx_word' id='word_1_279' title='bbox 0 0 1089 3506; x_wconf 95' lang='lat' dir='ltr'> </span> 
     </span>
    </p>
   </div>
  </div>
 </body>
</html>
