2174 3502
119 171 167 218 222
347 167 373 212 P.
394 166 546 214 VERGILI
564 165 729 216 MARONIS

120 249 223 302 Arvina
241 246 340 314 pingui,
359 245 545 312 subiguntque
563 246 591 298 in
608 249 670 300 eote
688 263 809 313 securem

120 325 256 390 Signaque
273 322 346 376 ferro
364 323 446 388 iuvat,
466 323 623 391 sonitusque
641 323 736 377 audire
754 323 892 380 tubarum.

121 401 245 467 Quinque
263 399 334 452 adeo
350 415 465 466 magnae
482 399 578 466 positis
596 399 737 453 incudibus
755 400 838 453 urbes

120 476 185 530 Tela
202 481 311 541 novant,
330 475 415 528 Atina
433 479 532 542 potens
551 475 690 543 Tiburque
708 476 864 544 superbum,
935 490 974 528 mo

120 552 216 626 Ardea
234 551 460 619 Crustumerique
480 555 509 605 et
526 553 678 619 turrigerae
697 554 859 605 Antemnae.

120 627 251 698 Tegmina
268 633 332 682 tuta
349 630 446 680 cavant
465 627 593 696 capitum,
611 627 778 696 flectuntque
796 627 914 694 salignas

119 705 275 760 Umbonum
293 704 390 768 cratis3
409 703 453 757 alii
471 703 598 756 thoracas
615 721 696 756 ocnos

120 783 179 835 Aut
197 782 263 836 levis
281 796 374 833 ocreas
391 780 465 833 lento
484 779 587 832 ducunt
606 784 732 846 argentm

122 858 246 910 l'omcris
263 856 315 909 huc
333 859 362 909 ct
380 851 566 920 lalcis‘honos
584 855 637 908 huo
654 855 740 908 omnis
757 854 842 908 aratri
936 869 974 906 ors

120 933 210 987 Cessit
228 948 317 995 amon
334 935 487 998 recoquunt
506 932 608 998 patrios
626 929 778 983 fornacibus
794 945 881 984 enses

120 1008 238 1062 Classica
256 1009 365 1075 iamque
383 1010 495 1071 souaut;
511 1007 535 1060 it
553 1006 624 1059 bello
642 1011 747 1059 tessera
765 1006 878 1072 signum.

120 1084 174 1136 Hic
192 1084 297 1151 galeam
316 1083 397 1137 tectis
415 1082 541 1152 trepidus
558 1084 644 1151 rapit;
661 1082 708 1136 ille
725 1082 866 1134 frementis

121 1159 167 1212 Ad
184 1161 247 1227 iuga
264 1159 338 1225 cogit
356 1175 455 1227 equos;
472 1159 643 1228 clipeumque
661 1174 781 1225 auroque
799 1157 915 1211 trilicem

119 1234 243 1289 Loricam
260 1236 390 1302 induitur,
408 1235 519 1303 fidoque
539 1235 690 1302 accingitur
707 1250 779 1289 ense.
934 1248 973 1286 ero

155 1311 273 1363 Pandite
289 1327 361 1363 nuno
382 1311 521 1376 Helicona,
541 1311 617 1377 deae,
634 1314 784 1378 cantusque
802 1312 917 1375 movete,

120 1386 172 1449 Qui
190 1386 261 1440 bello
278 1386 362 1440 exciti
380 1402 466 1453 reges,
486 1403 708 1454 quaequomque
726 1389 836 1440 secutae

120 1462 279 1530 Conplerint
297 1478 406 1531 campos
424 1464 503 1529 acies,
522 1461 620 1531 quibus
639 1462 711 1516 Itala
727 1463 782 1515 iarn
800 1466 859 1515 tum

120 1537 257 1592 Floruorit
275 1543 351 1591 terra
369 1538 440 1590 alme
458 1539 531 1605 viris,
550 1537 649 1605 quibus
666 1539 764 1591 arserit
780 1539 878 1601 armis;

120 1613 156 1667 Et
173 1615 333 1667 meministis
351 1615 431 1679 euim,
450 1615 535 1680 divae,
554 1617 583 1666 et
600 1631 751 1668 memorare
767 1614 898 1682 potestis3
935 1629 974 1666 ers

120 1689 167 1742 Ad
185 1707 234 1743 nos
251 1691 296 1743 rix
313 1691 404 1743 tenuis
421 1691 510 1743 famae
528 1689 679 1758 perlabitur
697 1706 769 1744 auru.

155 1765 262 1818 Primus
280 1766 332 1819 init
349 1765 452 1819 bellum
472 1766 616 1834 Tyrrhenis
635 1782 714 1833 asper
732 1765 766 1819 ab
783 1766 837 1818 oris

120 1841 298 1910 (loutemptor
315 1842 406 1895 divom
425 1843 577 1895 Mezentius
596 1842 756 1909 agminaque
774 1843 870 1895 armat.

120 1917 204 1970 Filius
221 1918 284 1970 huic
301 1917 378 1970 iuxta
397 1918 510 1982 Lausus,
530 1934 584 1985 quo
602 1918 739 1985 pulchrior
755 1918 826 1970 alter
897 1975 903 1986 ‚

120 1993 145 2045 N
148 2009 181 2046 on
200 1994 259 2060 fuit,
278 1998 392 2061 excepto
412 1994 556 2047 Laurentis
574 2009 687 2061 corpore
706 1992 796 2046 Turni.
939 2007 977 2046 oo

120 2068 232 2137 Lausus,
251 2086 352 2138 equum
370 2068 489 2122 domitor
507 2068 716 2137 debellatorque
733 2069 859 2136 ferarum,

120 2143 202 2198 Ducit
222 2145 349 2213 Agyllina
366 2146 531 2213 nequiquam
550 2161 583 2198 ex
601 2144 670 2200 urbe
687 2149 794 2199 secutos

120 2219 196 2273 Mille
213 2221 292 2286 viros,
310 2221 416 2288 dignus,
434 2221 532 2289 patriis
550 2221 599 2290 qui
616 2220 714 2275 laetior
731 2225 804 2275 esset

120 2294 245 2363 luponis,
262 2300 292 2349 et
309 2298 352 2349 cui
369 2302 449 2364 pater
467 2298 540 2351 houd
558 2298 710 2351 Mezentius
728 2301 807 2352 esset.

156 2373 221 2424 Post
238 2372 287 2423 hos
304 2372 437 2439 insignem
455 2374 546 2441 pulmo
563 2391 613 2442 per
630 2374 753 2441 gramina
770 2389 878 2425 currum
936 2389 975 2427 ess

120 2447 300 2514 Victoresque
319 2451 441 2501 ostentat
459 2467 544 2517 equos
563 2455 638 2502 sutus
657 2450 777 2502 Hercule
793 2448 908 2517 pulchro

121 2524 237 2577 Pulcher
256 2523 418 2592 Aventinus,
435 2525 576 2593 clipeoque
594 2525 700 2593 insigne
716 2529 861 2594 peternmu

121 2601 236 2653 Centum
253 2601 349 2667 anguis
366 2600 537 2669 cinctamque
553 2603 626 2668 gerit
642 2601 815 2670 serpentibus
831 2599 973 2668 Hydram:

120 2677 201 2728 Collis
221 2677 351 2730 Aventini
369 2676 436 2730 silva
454 2693 536 2745 quem
555 2677 634 2731 Rhea
652 2678 779 2732 sacerdos

121 2746 263 2805 Furtivurn
281 2756 362 2820 portu
380 2751 430 2804 sub
448 2752 558 2806 luminis
577 2754 664 2808 edidit
682 2770 751 2822 oras,
935 2767 973 2804 ⁰1³0

120 2826 209 2880 Mixto
227 2827 279 2881 deo
297 2829 402 2897 mulier,
420 2833 565 2898 postquam
584 2829 732 2883 Laurentia
748 2828 837 2883 uictor

121 2902 243 2969 Geryone
261 2906 395 2958 exstincto
413 2905 569 2972 Tirynthius
587 2906 680 2972 attigit
698 2907 770 2972 arra,

120 2974 311 3045 Tyrrhenoque
329 2979 411 3032 bores
429 2981 457 3032 in
475 2980 585 3032 flumine
604 2981 671 3034 lavit
690 2981 817 3034 Hiberas.

120 3047 179 3100 Pila
196 3067 277 3104 mauu
295 3069 443 3120 saevosque
460 3061 560 3120 gerunt
579 3055 604 3107 iu
623 3056 694 3109 bolla
711 3056 831 3122 dolones,

120 3117 157 3170 ut
175 3124 258 3177 tereti
275 3133 397 3194 puguant
415 3145 542 3180 mucrone
561 3147 681 3198 veruque
698 3131 814 3186 Sabello
936 3145 974 3184 otc

121 3189 185 3255 Ipse
202 3198 293 3264 pedes,
311 3206 439 3267 tegumen
458 3208 588 3270 torquens
605 3206 712 3260 inmane
729 3207 823 3273 leonis,
