2174 3502
378 147 562 198 AENEIDOS
577 145 647 198 LIB.
664 147 698 196 V.
914 149 961 200 179

106 233 221 300 Edocet,
241 235 272 286 et
290 247 362 301 quae
378 245 450 283 nunc
468 227 558 282 animo
576 228 714 282 sententia
730 231 844 283 constet

106 310 194 364 Haud
209 325 288 362 mora
306 307 431 374 consiliis,
450 322 500 359 nec
516 305 590 360 iussa
606 306 717 359 recusat
735 307 857 360 Acestes.

106 385 307 440 Transcribunt
325 383 387 436 urbi
404 385 514 454 matres,
532 382 716 451 populumque
734 382 869 436 volentem
927 395 963 438 ue

105 464 265 532 Deponunt,
285 461 390 525 animos
407 459 446 513 nil
463 475 578 527 maguae
595 457 685 512 laudis
702 459 816 526 egentis.

107 539 166 608 Ipsi
184 540 309 592 transtra
326 539 434 603 novant,
452 535 623 604 flammisque
642 534 753 588 ambesa
770 539 905 602 reponunt

107 615 221 669 Robora
239 613 361 680 navigiis,
380 615 477 680 aptant
495 627 639 680 remosque
656 610 845 680 rudentisque,

108 691 210 758 Exigui
229 705 352 756 numero,
371 688 420 743 sed
438 687 510 742 bello
528 687 619 742 vivide
636 688 729 742 virtus.

108 769 224 822 Interea
243 767 351 820 Aeneas
369 763 466 818 urbem
485 763 611 830 designat
629 767 722 818 aratro
929 780 965 820 aas

109 844 290 912 sortiturque
306 841 416 906 domos;
435 840 488 894 hoe
506 840 588 894 llium
606 843 636 894 et
653 840 720 894 haec
739 841 797 894 loca
814 841 920 896 Troiam

109 921 181 973 Esse
198 919 283 972 iubet
321 917 431 972 Gaudet
449 932 533 984 regno
551 916 683 970 Troianus
702 918 828 984 Acestes,

110 994 271 1062 Indicitque
289 993 377 1047 iorum
395 996 424 1046 et
441 992 565 1061 patribus
583 992 633 1046 dat
649 992 710 1046 iura
727 995 835 1048 voeatis.

109 1073 182 1125 Tum
200 1071 289 1133 vicina
307 1069 388 1124 astris
407 1069 522 1137 Erycino
540 1068 568 1122 in
586 1069 689 1123 vertice
707 1069 801 1124 sedes·

1 1201 2 1210 ,
109 1147 259 1203 Fundetur
277 1145 380 1199 Veneri
399 1145 512 1213 Idaliae,
529 1144 690 1213 tumuloque
707 1145 834 1200 sacerdos
929 1163 966 1204 rm

111 1227 156 1277 Ac
174 1223 252 1276 lucus
269 1221 326 1275 late
344 1237 420 1276 sacer
436 1220 550 1274 additur
568 1221 712 1274 Anchiseo.

147 1299 266 1367 Iamque
284 1297 343 1351 dies
360 1297 470 1366 epulata
487 1313 585 1350 novem
603 1313 671 1364 gens
688 1298 781 1362 omnis,
798 1303 827 1352 et
844 1300 899 1354 aris

110 1375 217 1428 Factus
235 1373 333 1428 honos:
353 1372 453 1442 placidi
473 1375 630 1426 stravermrt
648 1387 768 1439 aequora
784 1375 867 1440 venti,

111 1450 220 1506 Creber
238 1457 267 1503 et
284 1449 426 1518 adspirans
442 1465 536 1502 rursus
554 1450 632 1502 vocat
651 1448 757 1501 Auster
773 1449 802 1502 in
820 1450 913 1504 altum.

111 1525 247 1580 Exoritur
263 1541 397 1594 procurva
413 1526 509 1592 iugens
525 1540 575 1593 per
592 1523 674 1578 litora
690 1523 785 1592 fletus;
930 1540 966 1582 7oe

112 1602 247 1670 Conplexi
264 1602 338 1655 inter
356 1617 385 1655 se
402 1605 565 1668 noctemque
584 1600 713 1670 diemque
731 1614 876 1658 morantur.

112 1679 198 1747 Ipsae
215 1678 270 1731 iam
287 1681 397 1746 matres,
415 1676 474 1746 ipsi,
493 1677 592 1746 quibus
611 1694 708 1746 aspera
726 1680 863 1747 quondam

112 1754 183 1807 Visa
201 1754 284 1807 maris
301 1755 384 1810 iacies
402 1757 431 1808 et
448 1770 502 1807 nou
521 1753 663 1808 tolerabile
679 1772 786 1823 nomen,

112 1830 162 1883 ire
180 1828 282 1896 volunt,
300 1846 461 1898 omnemque
480 1829 560 1896 fugae
578 1830 700 1898 perferre
719 1832 847 1886 laborem.

112 1907 190 1970 Quos
207 1903 293 1958 bonus
312 1908 421 1958 Aeneas
440 1906 520 1959 dictis
537 1904 641 1960 solatur
658 1908 759 1976 amicis,
930 1919 968 1963 wo

112 1983 152 2034 Et
170 1981 369 2049 consanguineo
386 1980 529 2035 lacrimans
547 1983 719 2036 commendat
737 1985 863 2037 Acestae.

112 2057 175 2112 Tris
193 2057 273 2126 Eryci
291 2056 391 2110 vitulos
409 2060 438 2111 et
455 2056 677 2125 Tempestatibus
695 2074 793 2126 agnam

112 2133 240 2188 Caedere
257 2133 357 2188 deinde
375 2133 459 2201 iubet,
478 2133 600 2202 solvique
617 2150 652 2188 ex
670 2134 766 2188 ordine
782 2134 882 2188 funem.

113 2210 189 2278 Ipse,
208 2212 289 2277 caput
306 2213 402 2263 tonsae
420 2209 491 2263 foliis
509 2211 630 2265 evinctus
649 2211 742 2278 olivae,

112 2285 197 2340 Stans
209 2285 302 2353 procul
313 2285 341 2338 in
354 2302 436 2353 prora
448 2289 572 2355 pateram
585 2291 670 2355 tenet,
683 2291 801 2355 extaque
813 2287 897 2342 salsos
932 2301 968 2344 778

113 2361 232 2415 Porridt
248 2361 277 2413 iu
295 2361 394 2414 fluctus
413 2378 444 2414 ac
461 2364 524 2415 vina
542 2363 674 2430 liquentia
692 2364 792 2418 fundit.

112 2436 297 2505 Prosequitur
316 2454 430 2506 surgens
449 2455 465 2491 a
482 2440 567 2507 puppi
585 2443 684 2494 ventus
702 2440 799 2494 euntis.

112 2514 249 2568 Certatim
267 2514 332 2568 socii
351 2515 454 2568 feriunt
471 2532 547 2570 mare
566 2519 595 2569 et
613 2532 732 2586 aequora
749 2520 868 2570 verrunt.

148 2591 191 2644 At
208 2589 302 2644 Venus
321 2591 426 2644 interea
445 2589 604 2659 Neptunum
623 2593 743 2646 exercita
760 2593 832 2646 ciuis

114 2666 292 2734 Adloquitur,
310 2667 428 2735 talisque
448 2665 563 2719 effundit
581 2677 692 2736 pectore
712 2671 837 2738 questus:
932 2681 969 2720 888

112 2742 228 2796 lunonis
245 2743 336 2810 gravis
354 2743 396 2796 ira
413 2759 464 2797 nec
483 2742 665 2797 exsaturabile
683 2748 778 2812 pectus

112 2817 224 2886 Cogunt
240 2836 292 2887 me,
312 2819 449 2888 Neptune,
468 2836 563 2889 preces
584 2818 751 2874 descendeie
769 2821 798 2874 in
816 2819 916 2884 omnis,

113 2895 204 2960 Quam
221 2911 271 2949 uec
288 2897 369 2964 longa
387 2895 454 2962 dieo,
472 2897 562 2965 pietas
580 2913 630 2950 nec
647 2897 756 2966 mitigat
773 2897 836 2964 ulla,

113 2971 173 3025 Nec
192 2971 266 3025 Iovis
283 2972 388 3040 inperio
405 2973 524 3040 fatisque
542 2973 658 3026 infracta
676 2973 797 3042 quiescit.

113 3048 140 3101 N
142 3065 177 3101 ou
196 3047 287 3101 media
305 3047 340 3102 de
358 3053 441 3116 gente
460 3047 597 3116 Phrygum
616 3049 740 3102 exedisse
758 3046 883 3102 nefandis
934 3057 970 3100 rat

113 3123 220 3177 Urbem
238 3124 308 3178 odiis
327 3125 393 3178 satis
412 3127 461 3191 cst,
479 3141 529 3178 nec
546 3141 662 3192 poenam
680 3129 759 3178 traxe
777 3140 827 3191 per
847 3138 969 3178 omnem:

114 3199 258 3316 Reliqilrgas
277 3201 382 3265 Troiae,
401 3201 506 3252 cineres
523 3203 607 3266 atque
626 3215 687 3252 ossa
703 3200 862 3266 peremptae
