2152 3506
335 155 544 204 GEORGIGON
562 155 631 206 LIB.
652 156 701 205 lv,
919 153 950 204 79

91 233 240 289 Taenarias
259 236 340 289 etiam
358 236 456 301 fauces,
476 235 531 290 alta
549 235 620 290 ostia
638 236 717 302 Ditis,

89 312 129 365 m
148 313 311 379 caligantem
330 313 408 381 nigra
426 312 572 366 formidine
590 313 680 366 lucum

91 391 246 458 ingressus,
267 389 411 458 Manisque
429 389 498 442 adiit
517 390 676 457 Regemque
693 389 874 456 tremendum,

90 467 117 518 N
120 468 247 536 escisque
265 466 390 519 humanis
408 467 534 535 precibus
553 481 742 519 mansuescere
760 466 850 520 corda.
914 479 949 520 tre

91 546 134 597 At
152 549 234 597 cantu
252 547 403 597 commotae
425 543 507 597 Erebi
526 543 561 598 de
581 541 691 596 sedibus
708 542 770 595 imis

91 618 216 674 Umbrae
233 620 310 673 ibant
329 627 425 675 tennes
444 621 643 689 simulacraque
662 618 721 672 luce
743 625 892 684 carentum,

91 698 182 762 Quam
201 697 287 751 mults
305 699 332 752 in
351 699 422 752 foliis
441 698 530 752 arium
551 714 579 750 se
598 696 671 749 milia
688 695 816 761 cendunt,

94 773 203 842 Vesper
219 773 267 827 ubi
287 779 334 829 aut
352 774 481 828 hibernus
500 775 558 843 agit
577 773 612 827 de
631 773 768 826 montibus
786 771 881 835 imber,

92 849 199 904 Matres
217 855 300 921 atque
319 852 377 919 viri,
397 851 581 921 defunctaque
599 867 712 919 corpora
730 849 787 902 vita
914 861 950 898 srs

93 926 298 994 Magnanimum
317 929 438 996 heroum,
457 929 535 997 pueri
553 929 740 996 innuptaeque
758 923 871 994 puellae,

94 1002 266 1072 impositique
285 1006 358 1073 rogis
376 1006 486 1058 iuvenes
505 1009 569 1058 ante
587 1020 636 1057 om
653 1006 812 1072 parentum

94 1079 169 1144 Ques
186 1081 287 1134 circum
305 1083 384 1135 limus
402 1084 480 1150 niger
499 1088 528 1135 et
547 1081 675 1135 deformis
694 1077 799 1131 arunde

94 1155 188 1224 Cocyti
207 1157 341 1228 tardaque
360 1159 438 1228 palus
457 1157 609 1212 inamabilis
627 1155 701 1208 unda

96 1231 208 1300 Alligat,
226 1236 255 1287 et
274 1235 386 1288 noviens
405 1235 472 1303 Styx
492 1235 625 1287 interfusa
644 1235 759 1286 coercet.
913 1239 952 1280 sse

94 1307 165 1372 Quin
183 1311 258 1378 ipsae
277 1314 406 1380 stupuere
426 1311 522 1364 domus
542 1315 625 1376 atquc
644 1309 740 1360 intima
759 1305 821 1358 Leti

94 1384 211 1438 Tartara
229 1387 422 1455 caeruleosque
440 1387 565 1455 inplexae
585 1384 705 1437 crinibus
724 1383 820 1448 anguis

94 1460 268 1530 Eumenides,
287 1464 430 1533 tenuitque
449 1462 555 1516 inhians
573 1462 626 1514 tria
646 1458 782 1512 Cerberus
800 1473 856 1522 era,

95 1538 189 1606 Atque
209 1539 306 1592 Ixionii
326 1545 407 1593 vente
426 1544 486 1592 reta
504 1538 628 1592 constitit
648 1535 730 1589 erbis.

96 1613 209 1680 Iamque
227 1614 326 1683 pedem
345 1617 465 1669 referens
484 1631 561 1668 casus
580 1617 704 1666 evaserat
722 1609 816 1676 onmis,
915 1622 952 1662 set

96 1689 271 1759 Reddituque
290 1691 424 1761 Eurydice
443 1706 555 1759 superas
574 1688 701 1743 veniebat
720 1688 755 1740 ad
774 1702 863 1750 auras,

81 1763 169 1818 ‘Pone
211 1783 487 1836 sequens-namque
523 1766 591 1819 hanc
628 1764 744 1818 dederat
787 1760 950 1828 Proserpina

165 1843 289 1911 legem—-

96 1917 164 1971 Cum
185 1918 275 1972 subita
293 1920 432 1974 incautum
451 1919 590 1974 dementia
608 1917 681 1985 cepit
699 1917 847 1982 amantem,

97 1992 266 2061 ignoscenda
285 1995 401 2064 quidem,
422 1997 523 2048 scirent
541 1996 563 2047 si
579 1994 719 2062 ignescere
739 1991 847 2043 Manes:

97 2069 218 2137 nestum
239 2070 446 2140 Eurydicenque
465 2088 548 2137 suam,
567 2071 621 2123 iam
640 2069 700 2121 luce
718 2065 769 2119 sub
786 2067 852 2134 ipsa,
915 2079 952 2118 see

98 2145 241 2212 hammer,
261 2148 328 2200 heu!
351 2147 493 2215 victusque
511 2147 593 2198 animi
612 2143 739 2211 respexit
778 2141 820 2194 lbi
839 2141 927 2194 onmis

98 2223 203 2275 Eliusus
222 2223 307 2290 labor,
326 2226 410 2291 atque
427 2222 531 2276 inmitis
548 2224 630 2290 rupta
647 2219 754 2288 tyranni

99 2297 230 2364 Foedera,
251 2302 350 2368 terque
367 2299 461 2368 fragor
479 2297 582 2367 stagnis
599 2295 710 2350 auditus
729 2294 853 2347 avernis.

98 2374 154 2438 Illa,
182 2375 248 2438 Quis
275 2378 304 2429 ct
331 2393 382 2444 me,
409 2375 507 2445 inquit,
537 2374 672 2438 miseram,
703 2374 732 2424 et
761 2373 790 2423 te
820 2369 951 2437 perdidit,

167 2450 285 2520 Orphea,

99 2527 163 2591 Quis
181 2530 274 2581 tantus
293 2529 386 2582 furori
406 2528 448 2581 En
466 2527 567 2580 iterum
585 2523 708 2578 crudelia
725 2526 801 2576 retro
918 2536 953 2573 sss

100 2603 166 2656 Fata
183 2608 285 2670 vocant,
305 2605 453 2672 conditque
471 2601 594 2656 natantia
611 2600 713 2653 lumina
731 2615 845 2651 seranus.

101 2679 211 2748 Iamque
229 2682 303 2735 vale:
321 2679 395 2733 feror
413 2679 516 2748 ingenti
536 2675 704 2731 circumdata
721 2679 808 2739 nocte,

101 2754 290 2826 Invalidasque
309 2757 359 2809 tibi
379 2755 502 2822 tendens,
523 2755 577 2807 heu
595 2770 648 2806 nen
667 2755 722 2814 tua,
741 2751 858 2818 palmas!

100 2829 182 2899 Dixit,
203 2836 232 2887 et
250 2851 284 2887 ex
304 2833 387 2886 oculis
407 2833 504 2900 subite,
524 2847 574 2884 ceu
591 2829 682 2882 fumus
699 2828 726 2879 in
745 2843 825 2879 auras

101 2907 267 2964 Oemmixtns
287 2910 384 2972 tenuis,
404 2907 609 2977 fugitldiversa,
627 2922 721 2974 neque
735 2903 818 2967 illum,
916 2915 954 2954 teo

102 2984 276 3039 Prensantcm
296 2986 462 3054 nequiquam
479 2983 591 3037 umbras
609 2988 638 3036 et
655 2981 742 3034 multa
760 2977 895 3032 volentem

102 3057 203 3129 Dicere,
223 3072 367 3131 praeterea
384 3061 468 3126 vidit;
484 3077 534 3114 nec
552 3059 670 3128 portitor
689 3056 753 3109 Orci

103 3139 225 3207 Amplius
244 3137 377 3190 obiectam
396 3153 491 3206 passus
508 3136 625 3190 transire
643 3133 778 3203 paludem.

103 3215 171 3280 Quid
189 3215 309 3268 faceretl
328 3231 381 3284 quo
400 3231 430 3266 se
447 3216 527 3282 rapta
544 3211 588 3266 bis
606 3211 720 3277 coniuge
738 3208 842 3262 ferreti
