2172 3506
101 159 147 206 324
336 156 364 204 P.
383 155 536 203 VERGILI
554 155 718 203 MARONIS

101 235 222 303 Eripere,
239 236 395 304 auxilioque
413 237 491 303 viam,
509 251 579 302 quae
596 250 735 302 proxuma,
753 232 857 303 poscit:

101 311 173 364 Ense
191 316 285 366 secent
302 313 358 366 lato
375 312 478 379 volnus,
497 311 601 378 telique
619 310 752 364 latebram

101 386 269 440 Rescindant
286 390 403 456 penitus,
423 404 536 455 seseque
554 387 583 438 in
600 385 672 440 bella
689 387 841 440 remittant.
916 397 953 435 sao

101 463 215 530 Iamque
234 463 331 518 aderat
351 463 460 518 Phoebo
478 466 543 517 anto
561 462 628 515 alios
646 463 764 516 dilectus
784 462 860 528 Iapis

102 538 215 605 Iasides,
234 541 289 594 acri
307 539 444 609 quondam
463 540 506 593 cui
526 543 622 606 captus
640 555 732 591 amore

102 614 166 683 lpse
184 633 247 669 suas
264 618 339 683 artis,
358 633 408 670 sua
424 631 545 682 munera,
563 615 652 668 laetus
673 614 770 682 Apollo

102 692 256 760 Augurium
275 693 464 760 citharamque
482 691 566 744 dabat
583 691 734 758 celerisque
753 689 875 756 sagittas,

103 767 160 834 Ille,
180 771 212 821 ut
229 768 348 838 depositi
367 769 503 836 proferret
520 767 577 820 fata
594 767 723 834 parentis,
917 777 955 815 me

102 843 175 896 Scire
193 847 346 912 potestates
363 843 511 897 herbarum
528 858 662 909 usumque
679 839 808 894 medendi

101 919 201 972 Maluit
219 923 248 972 et
265 924 356 974 mutas
375 919 480 986 agitare
498 918 635 986 inglorius¹
647 918 723 970 artis.

102 994 199 1049 Stabat
216 995 315 1049 acerba
332 995 460 1060 fremens,
478 995 616 1060 ingentem
634 993 714 1046 nixus
730 993 760 1044 in
776 989 885 1044 hastam

102 1071 217 1136 Aeneas,
235 1089 333 1140 magno
350 1072 478 1124 iuvenum
497 1072 526 1122 et
543 1069 692 1122 maerentis
711 1067 766 1120 Iuli

102 1146 249 1216 Concursu,
268 1147 386 1200 lacrimis
404 1145 556 1199 immobilis.
594 1144 645 1197 llle
663 1147 768 1198 retorto
916 1157 954 1195 400

103 1222 250 1277 Paeonium
269 1226 297 1276 iu
315 1239 419 1276 morem
438 1222 528 1274 senior
546 1221 697 1274 succinctus
716 1219 824 1282 amictu,

102 1299 190 1353 Multa
208 1317 289 1353 manu
307 1299 414 1353 medica
432 1296 591 1366 Phoebique
608 1295 768 1365 potentibus
785 1294 877 1348 herbis

102 1374 277 1444 Nequiquam
295 1375 423 1443 trepidat,
442 1374 607 1441 nequiquam
625 1372 729 1440 spicula
746 1371 844 1424 dextra

102 1449 234 1504 Sollicitat
251 1455 417 1520 prensatque
435 1451 525 1505 tenaci
541 1448 643 1516 forcipe
661 1448 770 1501 ferrum.

101 1525 185 1579 Nulla
203 1528 273 1579 viam
293 1527 414 1580 Fortuna
431 1526 520 1594 regit3
538 1524 604 1577 nihil
622 1527 716 1577 auctor
736 1522 835 1590 Apollo
915 1537 955 1576 401

102 1601 247 1666 Subvenit;
265 1606 294 1655 et
313 1619 408 1655 saevus
426 1618 528 1668 camprs
546 1601 633 1667 magis
650 1616 681 1652 ao
698 1599 785 1666 magia
802 1598 899 1650 horror

103 1677 250 1744 Orebescit,
269 1678 435 1746 propiusque
453 1676 554 1728 malum
573 1679 623 1728 est
652 1675 711 1728 lam
723 1674 835 1742 pulvere
848 1673 952 1727 caelum

102 1753 181 1806 Stare
199 1753 300 1821 vident,
320 1753 492 1821 subeuntque
511 1752 626 1819 equites,
645 1755 675 1806 et
692 1750 796 1819 spicula
813 1750 911 1802 castris

101 1829 194 1883 Densa
211 1831 314 1883 cadunt
331 1829 436 1882 mediis.
474 1829 502 1882 It
520 1829 606 1882 tristis
624 1828 660 1880 ad
678 1827 789 1881 aethera
807 1826 910 1878 elamor

60 1908 62 1914 '
101 1905 257 1959 Bellantem
275 1907 403 1959 iuvenum
421 1909 450 1958 et
469 1905 537 1957 duro
556 1904 607 1957 sub
625 1904 717 1958 Marte
734 1902 888 1956 cadentum.
915 1916 953 1953 410

102 1981 156 2036 llic
174 1982 275 2047 Venus,
292 1982 403 2049 indiguo
421 1981 478 2034 nati
497 1997 624 2034 concussa
642 1980 742 2046 dolore,

101 2057 275 2111 Dictamnum
292 2057 418 2124 genetrix
437 2057 553 2110 Cretaea
572 2056 659 2124 carpit
677 2055 712 2109 ab
731 2055 790 2124 Ida,

102 2133 256 2187 Puberibus
274 2134 378 2186 caulem
395 2133 467 2186 foliis
486 2136 514 2186 et
531 2132 598 2184 flore
616 2135 767 2185 comantem

102 2207 260 2278 Purpureo;
277 2226 331 2262 non
348 2209 396 2262 illa
412 2208 478 2262 10110
495 2208 631 2275 incognita
648 2207 736 2275 capris

101 2285 237 2351 Gramina,
256 2301 317 2338 eum
335 2287 414 2351 tergo
432 2285 555 2337 volucres
572 2284 685 2337 haesere
703 2283 826 2350 sagittae.
915 2296 952 2335 us

102 2361 162 2413 Hoc
180 2361 282 2426 Venus,
301 2358 416 2412 obscuro
433 2359 530 2412 faciem
548 2358 715 2412 circumdata
731 2358 828 2423 nimbo,

101 2436 223 2499 Detulit3
240 2435 291 2487 hoc
309 2435 400 2487 fusum
418 2434 501 2488 labris
519 2433 727 2504 splendentibus
744 2451 852 2488 amnem

103 2512 201 2580 Inficit,
220 2512 325 2565 occulte
343 2513 491 2576 medicans,
509 2511 667 2579 spargitque
686 2509 800 2564 salubris

102 2588 264 2642 Ambrosiae
282 2604 359 2641 sucos
378 2592 407 2641 et
424 2587 587 2661 odorileram
605 2603 758 2654 panaceam.

3 2721 6 2732 ,
102 2664 181 2717 licvit
200 2680 232 2717 ea
249 2662 344 2716 volnus
361 2662 470 2731 lympha
487 2663 634 2729 longaevus
653 2662 728 2730 lapis
915 2673 951 2713 aso

102 2739 241 2806 ignorans,
260 2739 404 2807 subitoque
422 2739 510 2791 omnis
527 2738 562 2792 de
580 2754 691 2806 corpore
709 2737 780 2805 fugit

3 2827 4 2832 ’
102 2815 208 2884 Quippe
226 2814 310 2879 dolor,
325 2815 417 2868 omnis
435 2815 513 2868 stetit
531 2815 586 2866 imo
604 2813 713 2866 volnere
732 2813 847 2880 sanguis

102 2892 216 2957 Iamque
235 2894 327 2942 secuta
345 2907 462 2956 manum,
480 2889 554 2941 nullo
572 2893 694 2956 cogente,
713 2888 815 2956 sagitta

100 2964 216 3031 Excidit,
236 2969 320 3033 atque
337 2982 423 3019 novae
441 2965 548 3019 rediere
566 2965 594 3017 in
611 2965 727 3032 pristina
744 2964 823 3017 vires.

101 3039 187 3090 Arma
204 3040 251 3092 citi
269 3045 414 3108 properate
431 3041 505 3094 viro!
525 3040 593 3109 quid
611 3041 691 3095 statis
702 3043 718 3098 l¹
731 3040 806 3109 Iapis
916 3052 952 3093 lm

101 3110 265 3178 Conclamat,
283 3116 442 3184 primusque
460 3116 564 3168 animos
581 3116 709 3170 accondit
725 3116 754 3168 in
772 3116 887 3170 hostem.

99 3182 125 3234 N
128 3198 161 3235 on
179 3185 246 3238 haec
264 3188 388 3242 humanis
406 3190 511 3258 opibus
530 3207 584 3243 non
602 3194 662 3245 arte
681 3192 813 3258 magistra

72 3309 143 3328 ι
