2154 3518
112 105 143 150 68
341 95 370 142 P.
390 91 543 140 VERGILI
562 89 728 138 MilltONlS

114 175 248 231 Pontibus
265 178 297 226 ut
315 170 417 225 crebris
436 169 541 237 possint
559 169 708 222 consistere
727 170 756 221 et
773 167 831 221 alas

114 251 238 305 Pandere
257 248 293 302 ad
311 247 443 300 aestivum
463 245 555 309 selem,
575 243 597 296 si
615 244 688 296 sorte
706 244 836 296 morantis

113 327 249 397 sparserit
267 329 315 377 aut
333 337 463 392 praeceps
483 320 612 388 Neptuno
629 320 784 373 inmerserit
802 319 904 376 Eurus

114 405 190 458 Haec
207 404 307 456 circum
326 399 412 452 casinae
432 397 532 450 virides
551 400 581 449 et
599 396 701 449 olentia
718 396 773 450 late
961 398 989 456 st

113 480 235 549 Serpylla
253 483 282 531 ct
300 476 419 544 graviter
438 474 566 542 spirantis
584 474 661 542 copia
679 472 821 541 thymbrae

113 557 230 622 Floreat,
249 555 441 621 inriguumque
460 549 558 603 bibant
576 549 688 604 violaria
706 549 817 603 sentem.

114 637 178 706 Ipsa
196 639 295 698 autem,
315 648 362 684 seu
382 627 526 682 corticibus
545 625 596 679 tibi
615 629 677 679 suta
694 626 802 692 cavatis,

113 715 167 767 Seu
183 713 257 766 lento
275 709 376 763 tinemut
395 705 511 758 alvearia
530 704 629 757 vimine
647 707 732 769 texta

114 793 253 857 Angustos
271 786 389 839 habeant
408 782 512 835 aditus:
531 797 593 832 nam
611 781 711 848 frigore
729 778 811 832 mella
959 797 989 836 ³⁵
1040 787 1046 798 ·

113 867 192 934 Cogit
210 865 322 931 hiemps,
342 860 493 927 eademque
511 858 584 911 calor
601 857 748 926 liquefacta
766 855 891 909 remittit.

113 943 238 1009 Utraque
257 941 297 992 vis
317 937 412 1007 apibus
430 936 534 1004 pariter
553 933 716 997 metuenda;
734 947 822 999 neque
840 931 908 986 illae

113 1018 285 1086 Nequiquam
303 1016 331 1068 in
350 1013 429 1066 tectis
447 1011 572 1064 certatim
591 1009 684 1077 termis
701 1024 764 1062 cera

113 1095 285 1162 Spiramenta
303 1091 398 1152 linunt,
417 1090 533 1155 fucoque
552 1090 580 1139 et
598 1085 710 1138 floribus
728 1101 789 1137 oras

113 1169 239 1238 Explent
258 1167 456 1233 collectumque
474 1164 542 1217 haec
559 1164 618 1232 ipsa
636 1162 672 1214 ad
690 1177 803 1214 munera
819 1160 919 1228 gluten
954 1181 984 1220 so

113 1248 149 1299 Et
167 1247 238 1299 visco
257 1250 285 1298 et
306 1242 439 1310 Pbrygiae
459 1243 568 1293 servant
586 1240 646 1308 pice
664 1238 765 1292 lentius
784 1236 859 1290 Idae.

113 1323 199 1391 Saepe
217 1322 300 1375 ctiam
321 1319 431 1385 effossis,
450 1318 473 1370 si
491 1333 556 1370 vera
575 1321 617 1370 est
635 1315 714 1381 fama,
733 1313 845 1368 latebris

113 1399 168 1452 Sub
186 1403 261 1452 terra
279 1397 371 1450 fovere
390 1394 483 1458 larem,
501 1393 665 1462 penitusque
682 1395 808 1459 repertae

114 1474 324 1540 Pumicibusque
342 1471 415 1524 cavis
433 1487 585 1537 exesaeque
605 1468 711 1522 arboris
728 1472 814 1522 antro.

112 1552 262 1604 'tutamen
280 1551 309 1602 et
327 1547 379 1599 leri
397 1547 496 1598 rimosa
514 1545 612 1598 cubilia
629 1545 693 1598 limo
949 1561 978 1601 45

112 1627 210 1694 Ungue
228 1626 322 1678 fouens
340 1624 448 1688 circum,
466 1625 495 1675 et
512 1639 588 1676 raras
608 1622 767 1691 superiniice
784 1620 903 1675 frendes.

112 1704 174 1756 Neu
191 1701 302 1772 propius
321 1699 401 1752 tectis
420 1701 514 1751 taxum
535 1699 599 1765 sine,
617 1714 685 1752 neve
704 1697 827 1751 rubentis

112 1780 170 1833 Ure
188 1779 247 1850 fame
266 1791 383 1841 caneres,
403 1775 474 1828 altae
492 1792 545 1828 neu
564 1775 646 1828 erede
663 1773 763 1844 paludi,

113 1857 172 1908 Aut
189 1854 235 1907 ubi
255 1852 322 1906 odor
341 1851 417 1904 caeni
434 1852 532 1920 gravis,
551 1855 599 1904 aut
617 1851 664 1904 ubi
682 1867 799 1904 concava
816 1850 897 1917 pulsu

113 1932 184 1984 Saxa
202 1932 299 1983 sonant
318 1929 446 1996 vocisque
464 1921 567 1981 offensa
585 1926 700 1980 resultat
717 1927 813 1994 imago.
944 1941 973 1982 so

148 2006 227 2072 Quod
239 2009 371 2075 superest,
383 2004 431 2057 ubi
443 2004 548 2074 pulsam
561 2005 677 2056 hiemem
691 2003 736 2056 Sol
749 2019 848 2056 aureus
857 2003 915 2070 egit

114 2083 170 2137 Sub
188 2088 276 2138 terras
295 2081 454 2150 caelumque
473 2081 577 2133 aestiva
594 2080 653 2132 luce
671 2079 789 2146 reclusit,

114 2160 182 2213 Illuc
200 2160 325 2214 continue
344 2158 429 2212 saltus
448 2157 581 2224 silvasque
599 2159 746 2224 peragrant

114 2236 322 2304 Purpureesque
340 2237 448 2288 metunt
467 2233 547 2286 flores
565 2238 594 2287 et
612 2232 723 2285 flumina
741 2233 828 2287 libant

19 2357 22 2361 .
114 2313 225 2364 Summa
241 2312 321 2374 leves.
362 2310 435 2361 Hinc
452 2310 542 2361 nescio
562 2326 616 2377 qua
634 2308 778 2362 dulcedine
795 2309 884 2362 laetae
943 2323 971 2362 ⁵⁶

63 2411 65 2414 ·
115 2389 274 2454 Progeniem
293 2386 426 2453 nidosque
444 2385 543 2452 fovent,
562 2386 624 2438 hinc
642 2388 701 2438 arte
719 2385 836 2439 recentis

115 2464 260 2516 Excudunt
279 2478 354 2516 ceras
374 2464 402 2514 et
420 2461 501 2514 mella
519 2462 625 2514 tenacia
644 2461 756 2528 fingunt.

115 2539 186 2592 Hinc
204 2539 251 2592 ubi
269 2540 321 2592 iam
341 2540 468 2593 emissum
488 2538 576 2591 caveis
594 2537 629 2590 ad
648 2537 738 2590 sidera
756 2537 823 2591 caeli

115 2617 188 2669 Nare
206 2633 255 2684 per
274 2621 407 2670 aestatem
426 2615 558 2684 liquidam
577 2614 730 2683 suspexeris
748 2631 845 2681 agmen

115 2691 319 2761 Obscuramque
337 2693 409 2745 trahi
427 2696 509 2745 vente
528 2691 662 2745 mirabere
680 2689 787 2757 nubem,
941 2705 970 2745 ω

115 2767 333 2848 Contemplator:
354 2787 438 2838 aquas
458 2769 544 2822 duleis
562 2773 591 2822 et
609 2767 723 2820 frondea
741 2784 849 2837 semper

114 2844 196 2897 Tecta
214 2841 320 2914 petunt.
358 2847 420 2899 Huc
437 2850 469 2899 tu
487 2847 573 2900 iussos
592 2845 726 2914 adsperge
745 2861 862 2912 sapores,

115 2921 190 2973 Trita
207 2923 377 2992 melisphylla
395 2927 423 2975 et
442 2923 581 2975 cerinthae
599 2921 716 2987 ignobile
734 2938 855 2987 gramen,

115 2997 292 3066 'tinnitusque
310 3000 350 3050 cie
369 3002 398 3050 et
416 2997 514 3050 Matris
532 3001 616 3064 quate
633 2996 754 3062 cymbala
772 2997 884 3049 circum:

116 3070 196 3136 Ipsae
213 3073 354 3126 consident
372 3073 513 3125 medicatis
532 3071 648 3135 sedibus,
666 3071 742 3136 ipsae
943 3086 969 3125 te

116 3143 217 3197 Intima
234 3164 309 3200 more
328 3163 375 3199 suo
395 3147 499 3200 sesain
517 3145 650 3198 minabula
668 3144 793 3199 condent.
