2174 3502
74 111 122 160 204
312 107 341 156 P.
362 107 514 155 VERGILI
531 107 697 156 MARONIS

73 189 141 242 Illae
158 191 257 255 autem,
275 187 386 256 paribus
404 204 471 255 quas
487 188 591 255 fulgere
608 189 695 242 cernis
713 189 740 242 in
758 191 847 257 armis,

73 265 227 320 Concordes
245 265 349 318 animae
367 280 438 316 nunc
455 268 484 316 et
501 264 567 317 dum
584 267 663 318 nocte
680 272 847 333 premuntur,

74 343 137 395 Heu
155 345 286 409 quantum
304 341 377 393 inter
394 356 423 392 se
442 340 550 406 bellum,
570 341 592 394 si
609 341 710 394 lumina
727 343 799 396 vitae

74 419 235 486 Attigerint,
255 420 371 484 quantas
389 417 461 469 acies
480 420 655 484 stragemque
674 418 797 472 ciebunt!

74 493 228 561 Aggeribus
247 509 323 545 socer
343 493 452 560 Alpinis
470 497 553 560 atque
572 510 634 546 arce
653 495 777 550 Monoeci
891 510 934 549 seo

74 571 256 634 Descendens,
274 585 358 636 gener
376 569 497 622 adversis
517 569 666 623 instructus
684 571 756 624 Eois.

74 648 98 700 N
101 665 123 714 e,
142 648 225 715 pueri,
244 649 373 701 natanta
392 646 487 698 animis
506 645 659 700 adsuescite
677 646 756 713 belle,

74 724 98 775 N
101 740 135 776 eu
153 723 258 791 patriae
277 721 380 774 validas
397 722 424 775 in
443 721 547 774 viscera
564 723 663 775 vertite
680 723 760 788 riris3

74 800 168 867 Tuque
185 800 266 866 prior,
285 802 316 850 tu
334 814 421 865 parce,
441 813 528 865 genus
546 798 593 865 qui
612 797 687 850 ducis
706 798 829 867 Olympo,

75 876 178 928 l'roiice
197 876 253 928 tela
271 892 359 937 uranu,
380 874 489 942 sanguis
509 877 636 926 meusl-
890 889 930 928 see

75 951 125 1004 llle
144 952 309 1018 triumphata
329 950 463 1018 Capitolia
481 950 516 1003 ad
534 950 590 1003 alta
609 950 740 1003 Corintho

75 1027 169 1079 Victor
187 1031 250 1094 aget
269 1043 384 1091 currum,
404 1025 490 1078 caesis
508 1026 619 1094 insignis
639 1025 755 1080 Achivis.

75 1100 159 1155 limat
177 1103 222 1154 ille
242 1105 332 1168 Argos
352 1102 638 1169 Agamemnoniasque
656 1101 791 1170 Mycenas,

74 1176 221 1248 Ipsumque
242 1178 387 1244 Aeaciden,
406 1193 493 1244 genus
512 1178 700 1245 armipotentis
719 1177 827 1242 Achilli,

74 1255 154 1308 Ultus
172 1273 235 1308 avos
254 1255 356 1318 Troiae,
375 1254 479 1321 templa
498 1258 527 1307 et
545 1257 679 1306 temerata
697 1253 843 1306 Minervae.
889 1272 929 1309 ero

75 1333 139 1398 Quis
152 1336 186 1395 te,
199 1348 296 1399 magne
310 1331 384 1394 Cato,
403 1332 524 1395 tacitum,
544 1336 591 1383 aut
608 1333 644 1395 te,
662 1330 752 1396 Cossa,
770 1329 927 1397 relinqrmtl

74 1407 139 1470 Quis
158 1408 272 1461 Gracchi
290 1423 384 1474 genus,
402 1411 450 1459 aut
468 1407 597 1474 geminae,
617 1405 671 1458 duo
688 1405 801 1458 fulmina
819 1405 890 1468 belli,

73 1483 218 1550 Scipiadas,
238 1482 343 1536 cladem
362 1481 472 1551 Libyae,
490 1498 627 1550 parvoque
645 1485 783 1550 potentem

74 1557 234 1624 Fabricium,
253 1559 295 1611 rel
314 1561 343 1611 tc
362 1558 442 1622 sulco,
463 1558 586 1624 Seriane,
605 1558 760 1610 serenteml

74 1635 131 1698 Quo
149 1635 250 1687 fessum
269 1634 372 1702 rapitis,
393 1632 487 1686 Fabiil
506 1638 537 1686 tu
555 1633 701 1686 Maxumus
717 1633 764 1686 ille
782 1649 820 1698 es,
888 1649 927 1686 ere

72 1709 149 1763 Unus
168 1710 215 1779 qui
233 1709 309 1762 nobis
328 1709 479 1763 cunctando
499 1709 621 1762 restituis
638 1725 703 1762 rem.

73 1785 215 1839 Excudent
235 1786 280 1838 alii
300 1786 429 1854 spirantia
447 1785 553 1837 mollius
571 1801 641 1848 aera,

73 1861 161 1913 Credo
180 1861 314 1929 equidem,
333 1862 405 1912 vivos
425 1860 524 1913 ducent
542 1859 578 1912 de
596 1877 730 1914 marmore
749 1861 842 1920 voltus

73 1936 198 1989 Orabunt
216 1953 322 1989 caussas
341 1936 444 2001 melius,
463 1936 584 2003 caelique
602 1941 707 1990 meatus

72 2011 233 2065 Describent
250 2013 326 2064 radio
346 2016 374 2064 et
393 2011 532 2079 surgentia
550 2011 639 2064 sidera
657 2011 763 2069 dieeut:
887 2028 926 2066 seo

73 2087 112 2140 'lu
131 2104 226 2154 regere
243 2088 347 2155 inperio
366 2088 484 2155 populos,
504 2087 634 2154 Romane,
652 2094 803 2152 memento;

74 2164 134 2218 Hae
152 2164 203 2217 tibi
221 2169 302 2217 erunt
320 2168 407 2228 artes;
426 2163 553 2231 pacisque
573 2163 701 2231 inponere
719 2181 830 2231 morem,

74 2240 189 2293 Parcere
206 2238 342 2304 subiectis,
361 2244 389 2293 et
407 2239 545 2292 debellare
564 2239 701 2308 superbos.

107 2316 150 2369 Sic
168 2319 246 2383 pater
266 2316 403 2380 Anchises
423 2320 505 2382 atque
523 2315 591 2370 haee
608 2315 769 2369 mirantibus
787 2316 880 2370 addit:

75 2392 179 2459 Aspice,
199 2395 230 2444 ut
245 2391 359 2458 insignis
377 2393 469 2459 spoliis
489 2392 634 2445 Marcellus
652 2392 747 2459 opimis
887 2408 925 2446 aas

75 2467 238 2534 Ingreditur,
257 2468 395 2535 victorque
415 2468 485 2520 viros
505 2469 689 2536 supereminet
708 2467 806 2522 onmis!
851 2493 856 2500 ·

75 2543 200 2596 Hieram
220 2543 377 2608 Romanam,
398 2561 495 2611 magno
515 2543 644 2597 turbante
663 2544 789 2609 tumultu,

74 2619 165 2686 Sistet,
183 2636 266 2687 eques
285 2625 390 2672 sternet
410 2621 514 2674 Poenos
533 2619 695 2689 Gallumque
714 2619 850 2683 rebellem,

74 2693 219 2763 Tertiaquo
237 2713 312 2748 arma
330 2698 400 2764 patri
420 2698 569 2764 suspendet
588 2701 668 2765 eapte
687 2696 805 2761 Quirino.

75 2772 167 2839 Atque
185 2772 228 2825 hic
248 2777 370 2836 Aeneas;
388 2791 441 2826 una
458 2790 575 2842 namque
594 2773 634 2825 ire
653 2772 765 2825 videbat
887 2784 926 2823 ω)

75 2845 219 2911 Egregium
238 2849 324 2900 forma
340 2850 464 2901 iuvenem
483 2853 511 2902 ct
530 2849 696 2914 fulgentibus
714 2848 803 2914 armis,

75 2917 130 2968 Sed
147 2920 219 2973 frona
237 2922 308 2974 laeta
326 2939 430 2990 parum,
448 2928 477 2977 et
495 2925 600 2978 deiecto
619 2924 722 2976 lumina·
738 2923 826 2976 voltu:

76 2989 147 3053 Quis,
165 2998 250 3060 pater,
268 2996 320 3061 ille,
339 2998 426 3050 virum
445 3000 491 3066 qui
510 3000 547 3052 sic
565 2999 713 3052 comitatur
731 2999 859 3052 eunteml

78 3057 167 3140 Filius,
185 3081 253 3120 anne
271 3071 368 3136 aliquis
386 3088 484 3139 magna
502 3074 537 3127 de
556 3076 642 3143 stirpe
659 3075 807 3143 nepotum?

80 3125 143 3184 Quis
154 3139 282 3203 strepitus
301 3145 371 3197 circa
387 3149 529 3202 comitum!
549 3155 681 3217 quantum
700 3151 787 3202 instar
804 3150 831 3201 iu
850 3148 925 3217 ipso!
