2174 3502
395 171 577 220 ammeca
599 171 669 220 me.
691 171 726 222 v,
935 173 981 222 1r5

124 251 167 306 iit
186 251 326 320 quondam
345 251 428 305 Creta
444 252 535 306 fertur
552 251 737 322 Labyrinthus
753 251 782 306 in
799 253 856 307 alta

124 327 286 382 Parietibus
304 332 413 382 textum
431 330 517 382 caecis
534 330 596 396 iter,
615 329 815 398 ancipitemque

123 406 206 459 Mille
223 405 275 459 viis
292 405 419 460 habuisse
438 407 539 476 dolum,
557 425 612 476 qua
631 407 709 475 signa
727 407 858 476 sequendi
945 421 983 461 aaa

124 483 251 536 Falleret
268 483 449 550 indeprensus
466 487 495 536 et
511 482 695 538 inremeabilis
712 501 804 546 error;

125 559 214 614 llaud
232 559 285 613 alio
304 559 439 613 Teucrum
456 561 515 614 nati
532 561 647 629 vestigia
665 578 745 614 cursu

125 637 287 706 Inpedient,
305 639 459 705 texuntque
475 637 555 705 bigas
574 641 603 691 et
619 639 723 706 proelia
740 638 812 702 ludo,

86 737 105 791 (a
124 713 295 782 Delphinum
312 713 421 780 similes,
440 715 487 782 qui
504 731 554 782 per
571 716 658 768 maria
675 713 787 767 humida
805 715 894 768 nando

124 791 306 858 Carpathium
319 789 506 858 Libycumque
518 794 611 844 secant
627 790 791 860 [luduntque
809 807 859 860 per
874 791 980 859 rmdas].

125 869 210 921 llunc
228 883 332 921 morem
350 883 446 920 cursus
463 871 546 936 atque
564 867 632 922 haec
649 869 798 921 certamina
814 868 918 936 primus

125 946 270 1012 Ascanius,
289 945 411 1012 Longam
429 945 513 998 muris
530 961 591 998 cum
609 947 730 1013 cingeret
749 945 857 1013 Albam,

125 1021 251 1076 Rettulit
269 1023 299 1074 et
316 1022 418 1090 priscos
437 1021 529 1074 docuit
547 1021 687 1075 celebrare
705 1021 825 1088 Latinos,

124 1099 188 1164 Quo
205 1115 276 1167 puer
292 1099 352 1168 ipsc
370 1098 458 1165 modo,
477 1113 569 1150 secum
588 1115 641 1167 quo
659 1097 738 1152 Troia
754 1097 855 1166 pubes;

124 1175 230 1230 Albani
250 1175 367 1228 docuere
385 1191 464 1237 su0s;
482 1174 545 1228 hinc
564 1174 691 1228 maxuma
708 1191 789 1243 porro
943 1188 979 1226 cao

124 1253 244 1320 Accepit
264 1251 358 1318 Roma,
377 1255 406 1305 et
423 1251 541 1320 patrium
560 1251 678 1304 servavit
695 1252 840 1315 honorem;

123 1330 262 1397 Troiaque
281 1343 351 1380 nunc
368 1328 453 1395 pueri,
472 1327 617 1380 Troianum
636 1327 737 1380 dieitur
756 1344 859 1394 agmen.

123 1405 188 1458 Hae
206 1403 346 1458 celebrata
363 1406 444 1456 tenus
463 1407 556 1456 sancto
574 1404 723 1457 certamina
740 1404 825 1472 patri..

161 1483 216 1535 Hie
234 1481 354 1550 primum
372 1480 494 1533 Fortuna
511 1479 594 1532 fidem
613 1483 720 1533 mutata
737 1479 851 1547 novavit.

123 1559 199 1611 num
219 1559 300 1611 variis
317 1557 422 1610 tumulo
440 1557 565 1610 referunt
583 1556 722 1610 sollemnia
740 1555 818 1625 ludia,
943 1570 979 1610 sus

125 1637 195 1691 Irim
214 1634 250 1688 de
268 1635 342 1688 caelo
360 1634 434 1687 misit
452 1633 581 1686 Saturnia
600 1633 669 1685 Iuno

124 1714 239 1766 Iliacam
256 1712 293 1765 ad
310 1711 431 1776 classem,
448 1714 598 1777 ventosque
617 1709 740 1777 adspirat
757 1710 840 1776 eunti,

123 1791 218 1844 Multa
235 1804 353 1855 movens,
370 1787 486 1839 necdum
505 1786 647 1854 antiquum
666 1789 788 1839 saturata
806 1785 936 1841 dolorem.

124 1868 187 1932 llla,
206 1867 276 1918 viam
296 1863 417 1917 celerans
435 1879 485 1930 per
501 1862 575 1915 mille
593 1861 727 1915 coloribus
745 1878 844 1930 arcum,

123 1944 202 1998 Nulli
221 1943 278 1994 risa
296 1943 349 1995 cito
368 1940 489 1994 decurrit
507 1939 619 1992 tramite
637 1939 720 2006 virgo.
943 1953 978 1992 cro

123 2021 265 2088 Conspicit
281 2020 420 2086 ingentem
438 2033 604 2081 coneursum,
622 2019 651 2069 et
669 2015 750 2068 litora
767 2014 873 2078 lustrat,

126 2099 313 2164 Desertesque
331 2095 407 2148 ridet
426 2097 520 2162 portus
538 2093 707 2160 classemque
724 2091 853 2144 relictam.

126 2178 167 2230 At
186 2173 279 2244 procul
298 2172 326 2226 in
344 2171 401 2226 sola
419 2174 540 2224 secretae
559 2169 680 2222 Troades
698 2171 759 2220 acta

126 2252 268 2306 Amissum
288 2249 425 2302 Anchisen
443 2247 555 2314 flebant,
573 2248 742 2312 cunctaeque
760 2242 924 2312 prolmidum

127 2331 246 2381 l'ontum
264 2324 460 2395 adspectabant
478 2325 581 2378 flentes.
601 2323 665 2392 Heu
682 2325 725 2396 tot
743 2319 813 2372 vada
830 2319 908 2373 fessis
942 2335 977 2375 ors

127 2405 163 2457 nt
181 2408 290 2458 tantum
308 2419 450 2471 superesse
468 2401 564 2454 maris!
585 2417 637 2452 vox
655 2397 779 2451 omnibus
797 2413 856 2450 una

127 2481 231 2534 Urbem
250 2483 343 2542 orant;
362 2478 457 2531 taedet
475 2477 563 2546 pelagi
581 2476 703 2544 perferre
721 2473 848 2527 laborem.

124 2559 199 2626 Ergo
216 2558 289 2610 inter
306 2555 409 2608 medias
428 2571 487 2606 sese
506 2552 580 2605 hand
597 2551 692 2618 ignara
709 2549 824 2604 nocendi

124 2633 249 2697 Coniicit,
267 2637 296 2687 et
313 2632 462 2699 faciemque
481 2631 549 2682 deae
567 2631 726 2695 vestemque
744 2627 866 2694 reponit;
943 2673 947 2682 .

126 2713 173 2766 Fit
192 2711 287 2778 Beroe,
306 2708 415 2762 Ismarii
433 2708 548 2760 coniunx
566 2706 698 2772 longaeva
716 2702 831 2770 Dorycli,
941 2716 977 2755 aaa

124 2789 281 2856 suigerus
300 2790 329 2842 et
348 2784 482 2858 quondam
502 2799 600 2836 nomen
618 2781 731 2849 natique
747 2779 877 2843 fuissent;

125 2867 169 2919 Ac
188 2865 227 2918 sie
245 2861 434 2917 Dardanidum
451 2859 569 2914 medinm
588 2875 617 2911 se
636 2856 768 2911 matribus
785 2855 880 2908 infert:

124 2943 148 2994 Ο
167 2943 292 3008 miserae,
311 2955 379 3008 quas
397 2954 449 2989 non
468 2953 570 3003 manue,
588 2935 687 3005 inquit,
707 2933 826 2987 Achaica
844 2929 914 2982 bello

124 3017 253 3072 Traxerit
270 3016 307 3072 ad
324 3017 410 3068 letum
428 3014 533 3082 patriae
551 3009 601 3065 sub
618 3009 774 3064 moenibus!
794 3023 810 3058 o
827 3021 894 3071 gens

126 3095 233 3162 Infelix,
252 3094 295 3148 cui
313 3096 342 3146 te
360 3091 444 3144 exitio
462 3090 584 3144 Fortuna
600 3086 739 3141 reservati
939 3095 975 3135 aas

125 3173 257 3240 Septuma
273 3171 337 3241 post
355 3168 451 3222 Troiae
469 3164 618 3219 exscidium
635 3162 689 3214 iarn
707 3159 824 3212 vertitur
841 3157 939 3224 aestas,

124 3251 194 3305 Cum
212 3249 292 3312 freta,
311 3262 372 3300 cunr
391 3247 479 3298 terras
497 3240 591 3298 oannis.
608 3240 651 3291 tot
669 3233 806 3300 inhospita
824 3247 889 3284 saxa
