2172 3506
119 149 166 194 330
348 146 378 197 Ρ,
396 143 547 191 venerut
573 143 705 190 MARON
708 142 739 190 IS

117 224 226 292 Ingruit
245 226 354 276 Aeneas
375 224 453 276 Italis
473 226 502 275 et
519 222 622 292 proelia
641 223 745 288 miscet,

116 301 152 354 lit
170 317 219 352 nos
238 315 318 352 saeva
337 317 419 352 manu
437 300 579 351 mittamus
597 299 694 350 funera
712 297 830 353 Teucris.
1057 343 1059 350 .

115 375 174 430 Nec
186 391 298 428 numero
311 375 429 442 interior,
441 391 548 442 pugnae
563 391 611 427 uec
622 373 724 426 honore
736 374 857 426 recedes,
938 391 975 428 mo
1051 390 1057 425 ³.

115 452 221 506 Turnus
241 450 276 503 ad
295 450 377 504 haee:
1052 451 1071 460 “’

115 529 138 581 Ο
158 545 239 594 soror,
259 532 288 581 et
307 527 411 579 dudum
430 525 554 591 adgnovi,
573 541 634 577 cum
652 525 739 592 prima
761 542 811 593 per
829 530 921 578 artem

115 605 238 658 Foedera
257 603 375 656 turbasti
394 607 478 668 teque
496 600 564 652 haec
581 601 609 652 in
628 600 700 652 bella
719 601 827 665 dedisti,

115 681 151 734 Et
169 699 239 735 nunc
258 680 423 748 nequiquam
442 677 513 729 fallis
532 675 590 729 dea
625 676 680 729 Sed
699 678 759 744 quis
778 678 895 744 Olympo

116 759 267 812 Demissam
288 761 379 810 tantos
399 754 484 807 voluit
502 757 531 806 te
549 753 620 805 ferre
638 752 764 806 labores?
936 771 974 807 aas
1058 760 1071 791 i

117 837 161 887 An
179 836 272 887 fratris
292 835 382 886 miseri
400 833 486 884 letum
504 834 536 883 ut
554 829 664 882 crudele
683 829 807 883 videres?
1061 877 1063 882 .

116 911 185 963 Nam
200 911 267 979 quid
280 913 348 977 agol
364 914 411 962 aut
425 925 494 976 quae
507 909 562 961 iam
575 907 691 975 spondet
705 905 826 958 Fortuna
836 907 972 960 saluteml
1065 949 1071 972 q

116 986 181 1038 Vidi
200 987 290 1039 oculos
310 990 375 1040 aute
394 987 453 1054 ipse
472 1001 546 1037 meos
564 1000 609 1036 mo
626 1000 690 1037 voce
709 989 850 1037 vocantem
1063 991 1071 1020 i·

116 1062 283 1129 Murranum,
303 1079 357 1132 quo
375 1080 428 1115 uon
448 1064 560 1129 superat
578 1060 643 1112 mihi
663 1060 750 1112 carior
769 1059 847 1125 ulter,

116 1137 254 1206 Oppetere
273 1140 413 1207 ingentem
433 1142 515 1206 atquc
533 1137 638 1204 ingenti
658 1135 767 1188 volnere
786 1135 894 1188 victum.
934 1149 972 1187 cro
1067 1183 1071 1191 .

99 1282 102 1288 1
117 1213 223 1266 Occidit
241 1215 342 1282 infelix,
360 1233 395 1268 ne
413 1219 535 1267 nostrum
555 1211 673 1265 dedecus
692 1211 778 1264 Ufens

118 1290 280 1357 Aspiccret;
300 1290 395 1344 Teucri
414 1290 556 1359 potiuntur
575 1305 687 1356 corpore
706 1291 734 1340 et
752 1287 841 1340 armis

116 1365 280 1419 Exscindine
299 1367 400 1432 domos,
419 1367 449 1419 id
467 1366 549 1418 rebus
568 1365 655 1417 defuit
672 1381 763 1432 numu,

117 1441 279 1509 Perpetiarl
298 1442 397 1496 dextra
415 1459 465 1496 nec
484 1441 599 1494 Drancis
617 1439 691 1493 dicta
709 1440 848 1492 refellaml

116 1516 204 1584 Terga
214 1516 291 1585 dabo,
302 1522 331 1571 et
341 1519 462 1571 Turnum
471 1519 621 1585 fugientem
630 1517 697 1569 hacc
706 1520 781 1569 terra
790 1515 913 1570 ridebiti
935 1531 969 1568 oso

117 1592 210 1660 Usque
231 1593 335 1646 adeone
352 1594 421 1646 mori
440 1595 568 1646 miserum
592 1595 651 1646 cstl
670 1593 727 1645 Vos
744 1609 760 1644 o
783 1591 850 1644 mihi
874 1592 969 1644 Manes

117 1667 183 1720 Este
200 1667 270 1732 boni,
292 1669 418 1736 quoniam
437 1668 548 1736 Superis
566 1685 662 1722 aversa
678 1669 810 1721 voluutas.
852 1719 858 1728 ,

117 1743 215 1796 Sancta
233 1743 268 1796 ad
286 1761 334 1796 ros
352 1744 449 1812 anima,
467 1746 550 1812 atque
568 1745 648 1798 istius
665 1745 749 1798 inscia
766 1744 861 1812 culpae

117 1819 294 1887 Descendunt,
308 1837 467 1888 magnorum
480 1821 555 1873 haud
566 1837 696 1888 umquam
708 1820 837 1887 indiguus
849 1837 968 1872 avorum.

152 1896 206 1948 Vix
219 1913 252 1948 ea
264 1897 338 1950 fatus
353 1900 426 1949 crat:
440 1897 545 1949 medios
558 1897 639 1963 volat,
652 1913 721 1963 ecce,
734 1913 784 1964 por
795 1897 882 1948 hostis
934 1911 969 1948 eoo

118 1970 221 2024 Vcctus
240 1989 310 2040 equo
329 1975 472 2040 spumante
492 1973 579 2040 Saces,
598 1972 712 2025 adversa
730 1973 829 2039 sagitta

117 2045 229 2100 Saucius
247 2065 301 2115 ora,
320 2049 431 2116 ruitque
448 2048 585 2116 inplorans
603 2049 711 2101 nomiae
730 2048 865 2101 Turnum:

117 2122 213 2191 Turne,
231 2124 259 2175 iu
277 2128 306 2178 te
325 2141 451 2192 suprema
469 2124 555 2188 salus;
573 2124 704 2177 miserere
722 2127 837 2177 tuorum.

118 2199 255 2253 Fulminat
275 2203 382 2254 Aeneas
400 2203 490 2268 armis,
510 2217 683 2268 summasque
701 2201 819 2253 minatur

119 2275 294 2329 Deiecturum
311 2293 388 2330 arces
407 2278 507 2329 Italum
526 2276 701 2344 exscidioque
720 2275 863 2340 daturum;
934 2291 968 2329 sss

118 2351 231 2420 lamque
249 2352 322 2404 faces
341 2353 376 2404 ad
394 2355 469 2404 tecta
487 2353 586 2406 volant.
624 2353 657 2403 ln
675 2355 704 2404 te
723 2368 770 2404 ora
788 2351 886 2418 Latini,

118 2428 151 2479 In
168 2431 197 2481 te
216 2428 306 2481 oculos
324 2428 461 2492 referunt;
479 2432 583 2482 mussat
601 2445 650 2480 rex
667 2429 726 2496 ipse
746 2421 865 2492 Latinus,

118 2505 190 2568 Quos
208 2522 323 2572 generos
342 2507 426 2568 vocet,
444 2508 491 2558 aut
510 2522 581 2573 quac
600 2521 659 2558 seso
677 2504 713 2558 ad
731 2504 843 2557 foedera
860 2504 959 2558 flectat.

118 2580 265 2634 Praeterea
283 2582 384 2648 regina,
403 2582 444 2633 tui
462 2581 599 2645 fidissima
618 2581 716 2633 dextra

118 2655 226 2708 Occidit
244 2658 303 2724 ipsa
323 2675 377 2722 sua,
397 2656 540 2724 lucemque
559 2656 694 2709 exterrita
711 2657 787 2723 fugit.
932 2669 967 2706 om

118 2732 172 2784 Soli
190 2750 239 2801 pro
258 2734 343 2800 portis
362 2733 504 2801 Messapus
521 2737 550 2786 et
568 2749 630 2786 acer
650 2733 750 2785 Atinas

118 2807 278 2861 Sustentant
296 2809 389 2861 aciem.
426 2809 532 2862 Circum
550 2809 599 2861 hos
617 2809 756 2876 utrimque
773 2807 922 2875 phalanges

118 2882 198 2934 Stant
216 2883 323 2950 densae,
342 2885 500 2952 strictisque
518 2901 595 2951 seges
612 2884 787 2936 mucronibus
805 2883 900 2937 horret

118 2955 231 3009 Ferrea:
249 2964 281 3010 tu
299 2975 409 3010 currum
428 2960 538 3012 deserto
556 2962 584 3012 in
602 2960 726 3027 gramine
744 2975 844 3012 versas

117 3027 257 3095 Obstipuit
275 3033 350 3084 varia
368 3035 495 3086 confusus
513 3035 630 3100 imagine
649 3052 741 3087 rernm

116 3100 229 3166 Turnus,
248 3109 278 3156 et
296 3107 395 3159 obtutu
415 3109 497 3160 tacito
517 3111 609 3173 stetit;
628 3114 737 3164 aestuat
754 3111 853 3178 iugens

117 3171 177 3222 Uno
195 3174 222 3224 in
240 3178 322 3230 corde
337 3180 426 3244 pudor
443 3183 583 3250 mixtoque
601 3185 705 3237 insania
722 3186 799 3240 luctu
