2152 3506
103 159 149 209 134
336 158 365 206 P.
386 155 539 209 VERGILI
563 156 728 203 MAllONIS

103 239 267 309 Delphinum
285 239 385 292 caudas
403 241 482 290 utero
501 237 644 289 commissa
662 236 794 304 luporum.

104 317 231 369 Praestat
249 315 379 368 Trinacrii
397 317 485 368 metas
504 312 623 366 lustrare
643 312 760 380 Pachyni

102 392 270 459 (lassantem,
288 391 383 459 longos
401 394 430 444 et
448 388 661 443 circumflectere
679 406 781 454 cursus,
924 405 962 446 eso

103 468 190 531 Quam
209 467 293 521 semel
311 468 455 521 informem
474 469 552 518 vasto
571 465 671 519 vidisse
690 466 740 540 sub
759 472 840 522 antro

103 544 216 612 Scyllam
235 549 265 598 et
281 544 412 597 caeruleis
431 542 543 596 canibus
561 543 717 595 resonantia
735 559 807 597 saxa.

104 621 258 688 Praeterea,
277 621 297 673 si
317 624 433 688 quaest
452 617 559 671 Heleno
578 618 731 686 prudentia,
751 621 805 673 uati

103 697 131 751 Si
151 715 205 766 qua
223 697 300 762 fides,
319 698 438 749 animum
457 696 479 748 si
499 696 571 748 veris
588 694 676 762 inplet
696 695 802 763 Apollo,

102 774 194 827 Unum
213 773 280 827 illud
299 773 358 839 tibi,
377 778 440 826 uate
459 773 519 840 dea,
538 788 643 840 proque
662 771 786 824 omuibus
805 789 888 826 uuum
924 789 963 827 aas

104 850 268 915 l'ruedicam
281 854 309 902 ct
322 854 449 918 repetens
462 850 616 915 iterumque
630 848 786 915 iterumque
798 848 926 902 monebo:

105 926 214 978 lunonis
232 942 346 993 magnae
364 926 481 992 primurn
500 939 581 991 prece
598 939 697 975 rmmen
716 923 815 987 adom;

105 1001 200 1054 luuoni
218 1018 284 1055 cano
302 1005 365 1056 vota
383 1000 469 1053 libens
488 999 681 1067 dominamque
698 1002 838 1068 potentem

103 1077 274 1144 Supplicibus
293 1093 391 1146 supera
410 1077 501 1130 doliis:
521 1077 560 1129 sic
578 1075 696 1143 denique
714 1074 800 1128 victor

102 1152 239 1206 Trinacria
257 1153 318 1206 finis
338 1153 423 1206 Italos
442 1153 553 1206 mittero
571 1152 673 1206 relicta.
921 1167 962 1208 elo

103 1230 165 1283 Huc
183 1229 231 1283 ubi
250 1229 357 1283 delatus
377 1231 523 1298 Cymaeam
541 1229 687 1282 accesseris
705 1229 801 1284 urbem

102 1304 269 1377 Divinosquc
287 1307 362 1360 lacus
380 1310 409 1360 et
429 1307 540 1359 Averna
558 1305 682 1358 sonantia
701 1307 782 1374 silvis,

104 1382 230 1436 Insanum
249 1387 339 1436 vatem
359 1383 481 1452 aspicies,
501 1399 571 1451 quac
590 1399 658 1451 rupe
677 1382 728 1435 sub
745 1383 800 1436 ima

91 1458 173 1516 ¹Fata
191 1461 264 1513 canit
282 1458 407 1527 foliisque
425 1463 504 1512 notas
523 1463 552 1512 et
570 1460 679 1512 nomina
697 1459 816 1513 mandat.

103 1535 294 1604 Quaecumque
312 1537 340 1589 iu
359 1536 429 1588 foliis
448 1535 593 1604 descripsit
610 1536 730 1589 camarina
749 1536 831 1603 virgo,
922 1551 961 1591 415

102 1611 210 1678 Digerit
228 1612 256 1664 in
276 1628 418 1664 numerum
438 1616 521 1679 utque
540 1617 618 1666 antro
636 1611 741 1664 seclusa
758 1612 897 1681 relinquit.

104 1687 156 1739 llla
173 1692 286 1740 manent
304 1689 406 1740 inmota
424 1688 489 1740 locis
507 1706 595 1757 neque
613 1688 648 1742 ab
666 1687 761 1742 ordine
779 1689 895 1754 ccduut;

103 1763 205 1816 Verum
224 1763 327 1825 eadem,
347 1780 424 1818 verso
444 1766 534 1838 teruqis
552 1782 614 1818 cum
632 1764 743 1818 cardine
761 1768 859 1818 ventus

23 1841 25 1847 '
103 1839 208 1907 Inpulit
226 1844 255 1892 et
272 1843 382 1892 teneras
399 1839 522 1894 turbavit
540 1842 620 1895 ianua
638 1841 755 1908 frondes,

102 1915 257 1984 Numquam
277 1914 376 1968 deiude
394 1933 460 1968 cavo
479 1916 620 1970 volitantia
637 1916 772 1984 prendere
790 1933 864 1984 saxo,
921 1932 962 1970 sao

103 1991 127 2042 N
131 2009 161 2044 cc
179 2008 305 2047 revocare
324 1993 392 2045 situs
410 1997 458 2045 aut
476 1993 588 2059 iungere
607 1993 727 2046 carmina
744 1996 834 2047 curat:

103 2067 252 2123 inconsulti
271 2069 382 2134 abeunt,
402 2069 550 2136 sedemque
569 2069 651 2122 odere
672 2069 794 2136 Sibyllae.

103 2143 157 2196 Hic
175 2144 226 2197 tibi
245 2162 279 2198 ue
298 2161 352 2213 qua
369 2161 461 2197 morae
479 2145 581 2198 luerint
599 2144 743 2213 dispendia
760 2146 836 2209 tanti,

103 2219 231 2282 Quamvis
247 2221 411 2287 increpitent
429 2221 501 2285 socii,
520 2225 549 2274 et
567 2222 592 2273 vi
610 2238 705 2275 cursus
722 2222 748 2274 iu
768 2222 851 2276 altutu

103 2295 173 2347 Volo¹
191 2299 268 2349 vocet
286 2296 426 2363 possisque
445 2296 518 2349 sinus
535 2297 640 2364 inplere
658 2301 798 2360 secundae,
919 2306 959 2345 4⁵⁵

104 2371 174 2434 Quin
192 2371 275 2424 adeas
293 2375 384 2424 uatem
403 2365 581 2438 precibusque
599 2373 709 2428 oracula
725 2391 819 2441 poscas

104 2449 168 2516 Ipsa
185 2451 272 2512 canat,
292 2463 439 2514 vocemque
457 2449 550 2504 uolens
569 2453 652 2517 atquo
671 2466 718 2504 ora
735 2449 859 2503 resolvat

104 2524 157 2578 Illa
175 2523 225 2578 tihi
244 2523 340 2577 Italiae
357 2524 472 2592 populos
490 2527 659 2592 venturaque
677 2525 755 2593 bolla,

104 2601 141 2654 Et
158 2617 211 2668 quo
230 2617 366 2668 quemque
383 2601 464 2654 ruodo
482 2602 625 2669 fugiasque
643 2603 769 2670 ferusque
787 2603 916 2659 laborem.

103 2676 246 2744 Expediet,
265 2693 414 2745 cursusque
433 2676 511 2731 dabit
529 2681 659 2730 venerata
677 2678 816 2732 secundos.
920 2694 960 2732 ⁴roo

105 2753 180 2806 llaec
199 2755 270 2816 suut,
289 2768 359 2819 quae
377 2755 470 2806 nostra
488 2753 569 2806 liceat
586 2757 615 2808 te
633 2770 698 2809 voce
715 2755 823 2808 moueri

103 2829 182 2881 Vade
200 2843 258 2894 age,
276 2832 306 2881 et
323 2828 463 2894 ingentem
482 2828 561 2882 iactis
578 2829 620 2881 ier
637 2829 673 2881 ad
690 2830 803 2888 aethera
820 2831 938 2884 Troiam.

139 2905 214 2967 Quae
231 2907 376 2970 postquam
395 2906 471 2956 vates
489 2904 528 2956 sie
546 2921 592 2960 oro
611 2905 709 2959 effatus
727 2906 814 2962 amico
831 2911 883 2972 est,

103 2978 181 3030 Dona
198 2977 296 3030 dehine
313 2995 379 3031 auro
397 2980 491 3044 gravia
510 2985 638 3046 sectoque
657 2981 802 3048 elephanto

103 3053 217 3119 Inperat
234 3051 270 3104 ad
288 3052 363 3106 navis
381 3053 455 3117 ferri,
473 3054 612 3120 stipatque
630 3057 727 3108 carinis
921 3071 959 3113 cca

104 3126 205 3192 Ingens
224 3131 375 3193 argeutum,
394 3128 610 3194 Dodonaeosque
628 3129 742 3195 lebetae,

102 3199 226 3254 Loricam
244 3206 396 3258 consertam
414 3201 501 3258 honus
519 3218 640 3272 auroque
657 3204 781 3274 trilicem,
