2174 3502
355 169 541 220 AENEIDOS
558 171 627 220 LIB.
646 171 725 219 VIII.
919 172 964 219 241

113 249 218 303 Fertur
236 267 314 319 aqua,
333 251 478 320 segnisque
496 253 615 305 seeundo
634 251 732 305 defluit
749 251 829 318 amni,

112 326 220 380 Nuntia
238 330 354 380 ventura
373 328 492 381 Ascanio
510 345 657 396 rerumque
675 329 823 397 patrisque.
928 339 965 380 suo

113 401 224 456 Dantur
241 404 305 471 equi
323 403 433 457 Teucris
451 404 590 472 Tyrrhena
606 403 765 472 petentibus
783 419 863 468 arva;

112 477 228 533 Ducunt
244 483 381 533 exsortem
401 483 520 546 Aeneae,
539 496 620 547 quem
637 479 711 531 fulva
728 479 814 532 leonis

112 553 199 616 Pellis
217 555 276 610 obit
294 559 391 622 totum,
409 555 583 624 praefulgens
601 555 738 624 unguibus
755 556 853 608 aureis.

148 631 237 685 Fama
252 632 326 685 volat
343 648 456 700 parvam
474 631 565 684 subito
583 632 692 699 volgata
709 648 759 699 per
776 631 880 698 urbem,

111 708 198 764 Ocius
216 708 256 761 ire
274 709 381 776 equites
399 707 531 776 Tyrrheni
550 707 586 760 ad
603 707 685 761 litora
702 707 782 775 regis.
926 724 963 762 sss

116 783 190 836 Vota
207 788 284 838 metu
301 784 444 853 duplicant
462 787 571 850 matres,
590 784 757 853 propiusque
775 783 876 852 periclo

113 859 144 913 lt
161 861 252 928 timor,
271 865 300 915 et
316 863 403 916 maior
420 861 519 915 Martis
535 862 590 914 iam
608 860 723 928 adparet
740 860 836 928 imago.

112 936 185 990 'Iam
202 941 282 1005 pater
299 937 445 991 Euandrus
463 936 589 991 dextram
607 936 754 1005 conplexus
772 936 863 990 euntis

114 1013 230 1080 Haeret,
246 1013 400 1082 inexpletus
417 1014 569 1079 lacrimans,
587 1029 619 1066 ae
636 1013 702 1066 talia
718 1014 808 1068 fatur:

6 1145 8 1152 Α
113 1085 225 1141 omini
241 1089 403 1157 praeteritos
420 1090 524 1142 referat
542 1089 565 1142 si
584 1089 711 1157 luppiter
728 1105 818 1156 aniius,
926 1105 963 1142 suo

113 1163 211 1228 Qualis
230 1181 312 1229 eram,
330 1182 391 1219 eum
409 1165 526 1233 primam
545 1165 632 1218 aeiem
651 1165 800 1218 Praeneste
818 1165 869 1218 sub
887 1167 948 1232 ipsa

113 1240 207 1293 Strari
225 1243 416 1309 scutorumque
433 1241 543 1294 incendi
560 1240 646 1294 victor
665 1257 781 1305 acervos,

112 1315 152 1368 Et
169 1332 263 1384 regem
281 1317 331 1371 hae
350 1317 463 1370 Erulum
481 1317 581 1370 dextra
599 1316 649 1369 sub
668 1316 783 1369 Tartara
800 1317 869 1382 misi,

112 1391 140 1444 N
142 1392 246 1445 aseenti
265 1393 307 1445 cui
325 1393 377 1445 tris
394 1395 498 1446 animas
517 1391 634 1446 Feronia
649 1395 775 1444 mater-

113 1466 293 1520 Horrendum
305 1468 540 1536 dictu—dederat,
558 1472 638 1520 terna
655 1484 730 1520 arma
747 1468 880 1521 movenda
889 1490 894 1533 ;
925 1485 961 1524 aas

112 1543 169 1596 Ter
185 1543 241 1597 leto
259 1545 421 1597 sternendus
439 1549 513 1609 erat3
532 1543 575 1596 cui
592 1545 652 1596 tum
669 1546 762 1596 tamen
779 1544 867 1598 omnis

114 1618 242 1674 Abstulit
259 1619 326 1672 haee
343 1621 447 1675 animas
465 1621 570 1688 dextra,
589 1624 618 1673 et
636 1621 752 1674 totidem
770 1621 846 1674 exuit
863 1622 960 1676 armis:

112 1695 140 1748 N
142 1711 177 1749 on
196 1712 247 1763 ego
265 1713 335 1750 nuuc
354 1697 427 1750 dulci
445 1696 572 1764 amplexu
590 1696 737 1750 divellerer
754 1713 876 1765 usquam,

113 1771 196 1839 Nate,
213 1776 276 1836 tuo;
294 1789 383 1841 noque
401 1772 517 1825 finitimo
535 1772 687 1824 Mezentius
704 1787 834 1840 umquam

114 1847 190 1900 Huic
207 1848 290 1916 capiti
307 1848 442 1902 insultans
459 1851 502 1901 tot
519 1847 592 1900 ferro
610 1863 691 1900 saeva
708 1847 832 1900 dedisset
925 1861 962 1902 ⁵70

113 1923 233 1990 Funera,
251 1927 308 1977 tam
327 1925 420 1977 multis
438 1923 576 1976 viduasset
594 1921 698 1976 civibus
714 1922 819 1977 urbem.

113 2001 230 2065 Atros,
249 2015 264 2052 ο
282 2000 381 2069 superi,
400 2004 429 2053 et
446 1999 537 2052 divom
555 2002 586 2052 tu
604 2015 730 2051 maxume
748 2002 838 2052 rector

113 2075 250 2144 Iuppiter,
270 2075 390 2144 Arcadii,
408 2092 516 2143 quaeso,
534 2075 704 2128 miserescite
721 2075 802 2142 regis,

113 2150 152 2204 Et
169 2151 273 2219 patrias
290 2151 386 2206 audite
402 2167 509 2220 preces:
530 2151 559 2204 Si
576 2151 688 2202 numina
705 2154 797 2202 vestra

115 2226 283 2280 Incolumem
302 2227 426 2280 Pallanta
443 2227 517 2295 mini,
535 2227 558 2279 si
575 2227 634 2280 lata
651 2230 799 2293 reservant,
925 2242 962 2282 us

114 2302 144 2356 si
160 2303 269 2356 visurus
287 2319 348 2356 eum
366 2303 427 2356 vivo
445 2307 474 2356 et
491 2306 623 2356 venturus
641 2302 669 2354 in
687 2317 784 2355 unum:

114 2379 210 2432 Vitam
228 2395 290 2443 or03
308 2379 398 2447 patior
416 2380 540 2448 quemvis
557 2378 657 2432 durare
674 2377 802 2432 laborem.

114 2454 161 2508 Sin
179 2455 299 2523 aliquem
316 2455 458 2508 infandum
476 2471 577 2521 casum,
596 2455 725 2522 Fortuna,
744 2455 866 2510 minaris:

113 2531 139 2584 N
142 2547 201 2597 une,
219 2547 290 2584 nune
307 2547 323 2583 o
341 2531 423 2585 liceat
441 2531 579 2585 crudelem
597 2530 760 2598 abrumpere
778 2532 869 2601 vitam,

113 2605 187 2660 Dum
205 2621 286 2660 curae
305 2607 457 2675 ambiguae,
476 2607 542 2660 dum
560 2623 622 2674 spes
640 2607 744 2659 ineerta
762 2607 855 2675 futuri,
925 2625 963 2663 sse

114 2682 187 2735 Dum
206 2685 243 2750 to,
262 2699 325 2735 care
342 2701 418 2752 puer,
435 2699 497 2737 mea
515 2683 572 2735 sola
589 2686 618 2736 et
636 2699 697 2736 sera
715 2683 846 2751 voluptas,

115 2758 255 2827 Conplexu
273 2762 368 2825 teneo;
386 2761 494 2828 gravior
511 2776 565 2812 neu
582 2760 695 2812 nuntius
713 2760 786 2812 auris

115 2834 257 2888 Volneret.
295 2835 372 2888 Haec
388 2837 498 2904 genitor
515 2836 641 2903 digressu
660 2835 734 2889 dicta
752 2851 878 2905 supremo

114 2910 276 2975 Fimdebat3
294 2911 388 2965 famuli
406 2913 562 2982 conlapsum
580 2913 608 2965 in
626 2915 701 2966 tecta
718 2912 851 2966 ferebant.

149 2987 266 3055 lamque
284 2988 354 3041 adeo
372 2990 478 3043 exierat
497 2989 584 3058 portis
603 2990 744 3057 equitatus
761 2988 872 3055 apertis,
924 3003 961 3042 sss

114 3063 226 3116 Aeneas
244 3064 317 3116 inter
334 3065 436 3132 primos
454 3069 483 3120 et
500 3065 572 3118 fidus
592 3065 720 3130 Achates,

114 3136 187 3192 Inde
203 3139 250 3192 alii
269 3139 365 3194 Troiae
381 3157 522 3209 proceres;
539 3142 599 3210 lpse
616 3140 723 3207 agmine
743 3138 832 3191 Pallas

113 3213 152 3266 In
167 3215 268 3284 medio,
286 3217 428 3284 chlamyde
446 3221 476 3272 ct
492 3217 574 3284 pictis
591 3218 751 3280 conspectus
768 3213 796 3265 iu
815 3214 911 3268 aruris:
