2172 3506
364 138 548 186 nnumaos
565 139 632 187 nm.
654 139 717 188 xm.
917 148 960 193 aar
1057 132 1058 136 ’

106 219 152 275 Et
168 220 247 274 furiis
264 219 384 286 agitatus
402 235 477 271 amor
495 223 524 272 et
541 221 649 272 conscia
665 221 760 274 virtus.

106 297 155 350 Ut
172 296 290 364 primum
309 293 445 346 discussae
463 293 576 347 umbrae
594 300 622 348 et
639 296 686 348 lux
705 296 815 350 reddita
832 299 925 366 menti,

108 372 249 424 Ardentis
267 370 411 423 oculorum·
424 369 498 422 orbis
516 371 551 423 ad
568 372 676 424 moenia
693 375 773 426 torsit
930 390 965 428 oro

108 447 259 512 Turbidus„
279 462 350 513 eque
368 445 435 498 rotis
453 463 577 513 magnam
596 449 718 516 respexit
735 449 770 501 ad
788 449 889 502 urbem

109 524 184 578 Ecce
202 526 302 589 autem,
321 522 438 574 flammis
454 524 527 576 inter
544 523 668 578 tabulata
685 524 792 578 volutus

109 599 161 652 Ad
179 599 284 653 caelum
302 597 425 650 undabat
443 604 539 654 vertex
556 601 710 670 turrimque
727 602 849 669 tenebat,

109 675 229 742 Turrim,
248 675 396 744 compactis
413 675 538 730 trabibus
556 695 638 746 quam
657 679 791 732 eduxerat
807 679 867 746 ipse

110 749 336 821 subdideratque
354 755 429 806 rotas
447 753 594 824 pontisque
610 755 773 808 instraverat
790 754 867 808 altos.
931 769 965 806 av

111 827 174 880 Iam
191 828 247 882 iam
264 827 330 894 fata,
350 843 425 880 soror
443 834 587 898 superant;
605 830 708 884 absiste
725 831 841 896 morari;

111 902 173 966 Quo
191 905 259 958 deus
278 909 307 958 et
325 922 381 974 quo
398 905 467 958 dura
484 921 564 961 vocat
583 905 712 972 Fortuna,
731 923 883 974 sequamur.

110 979 175 1032 Stat
187 981 310 1034 conferre
322 998 432 1034 manum
446 984 564 1050 Aeneae,
577 985 640 1050 stat,
653 983 788 1052 quidquid
803 982 895 1036 acerbi
913 986 961 1047 est.

110 1054 204 1109 Morte
221 1057 295 1124 pati3
312 1075 402 1126 neque
419 1075 463 1111 me
482 1059 645 1126 indecorem,
662 1075 798 1126 germana,
816 1057 922 1112 videbis

111 1133 246 1200 Amplius.
284 1133 373 1199 Hunc,
385 1149 440 1200 ore,
453 1134 511 1186 sine
523 1150 569 1186 me
578 1134 671 1186 furere
682 1137 747 1187 ante
759 1135 885 1187 furorem.
928 1148 958 1184 osv

110 1206 198 1275 Dixit,
218 1212 248 1262 et
265 1227 282 1263 e
299 1226 380 1262 curru
399 1211 498 1264 saltum
516 1211 594 1264 dedit
612 1213 686 1264 ocius
703 1211 782 1277 arvis,

111 1283 220 1354 Perque
237 1287 331 1356 hostis,
348 1305 398 1356 per
416 1287 472 1340 tela
490 1287 553 1352 ruit,
571 1290 758 1354 maestamque
776 1301 896 1338 sororem

110 1359 231 1429 Deserit,
250 1379 281 1416 ae
299 1364 393 1432 rapido
412 1380 493 1416 cursu
511 1363 602 1415 media
620 1363 727 1428 agmina
745 1361 854 1429 rumpit.

86 1439 154 1539 frte
172 1438 257 1492 veluti
276 1440 375 1492 montis
394 1456 489 1492 saxum
508 1439 542 1492 de
561 1439 663 1492 vertice
680 1454 810 1505 praeceps

18 1581 20 1590 Ι
111 1513 181 1566 Cum
199 1515 263 1581 ruit,
281 1515 402 1568 avolsum
420 1519 510 1582 vento,
528 1532 576 1568 seu
594 1513 722 1568 turbidus
737 1513 825 1566 imber
929 1527 964 1563 oss

18 1593 20 1606 '
111 1587 225 1656 Proluit,
244 1593 293 1643 aut
309 1592 388 1644 annis
406 1589 487 1644 solvit
504 1590 632 1659 sublapsa
649 1593 785 1654 vetustae,

18 1671 20 1732 l
111 1664 214 1718 Fertur
232 1665 260 1717 in
278 1665 425 1734 abruptum
443 1683 541 1734 magno
558 1683 635 1720 mons
653 1665 784 1734 inprobus
801 1667 874 1732 actu,

18 1749 19 1770 ³
111 1741 293 1810 Exsultatquo
312 1743 376 1808 sole,
396 1743 483 1795 silvas.
497 1746 621 1794 armenta
640 1743 767 1807 virosque

18 1843 20 1892 p
112 1816 256 1870 Involvens
274 1834 365 1871 secum
375 1818 515 1890 qdisiecta
533 1833 582 1885 per
600 1817 707 1884 agmina
725 1817 830 1868 Turnus

18 1909 19 1940 ῑ
110 1891 155 1945 ste
173 1893 250 1946 urbis
266 1895 323 1948 ruit
340 1889 376 1947 ad
393 1911 493 1962 muros,
509 1893 558 1946 ubi
575 1893 692 1961 plurima
709 1891 769 1944 fuso
929 1906 963 1942 cerv

18 2035 19 2040 Ἰ
110 1969 249 2036 Sanguine
266 1974 341 2022 terra
359 1971 459 2035 madet,
479 1970 654 2038 striduntque
671 1967 815 2022 hastilibus
833 1983 930 2031 nurae;

111 2045 306 2114 Significatque
323 2063 412 2111 uranu,
432 2050 461 2098 ct
479 2062 576 2113 magno
594 2045 673 2098 simul
691 2044 787 2112 incipit
804 2060 864 2097 ore:
957 2042 963 2055 ¹

18 2137 19 2140 ¹
112 2120 221 2174 Parcite
238 2123 299 2189 iam,
313 2122 417 2188 Rutuli,
436 2125 465 2174 et
483 2138 530 2174 vos
547 2122 603 2174 tela
620 2119 750 2184 inhibete,
770 2118 878 2184 Latini3

18 2247 20 2262 ,
111 2197 305 2266 Quaecumque
323 2201 366 2251 est
384 2197 513 2264 Fortuna,
532 2213 593 2249 mea
611 2199 669 2261 est;
686 2213 731 2248 me
747 2195 838 2249 verius
855 2207 940 2249 unum

112 2272 166 2325 Pro
184 2272 262 2327 vobis
278 2272 376 2327 foedus
393 2273 477 2338 luere,
496 2277 526 2326 et
543 2271 691 2326 decernere
708 2271 789 2325 ferro.
929 2285 963 2324 ms

111 2347 271 2403 Discessere
287 2366 379 2403 omncs
397 2347 489 2417 medii,
508 2349 683 2417 spatiumque
700 2347 810 2401 dedere.

49 2458 52 2464 ,
146 2425 188 2479 At
204 2428 285 2493 pater
303 2427 420 2492 Aeneas,
437 2425 532 2478 audite
550 2425 659 2478 nomine
677 2424 768 2491 Turni,

112 2501 222 2555 Deserit
240 2505 271 2554 et
287 2518 386 2569 muros,
404 2504 433 2554 et
451 2517 569 2554 summas
588 2501 691 2568 deserit
708 2517 791 2566 arces,

112 2577 334 2645 Praecipitatque
351 2593 441 2630 moras
459 2577 552 2642 omnis,
572 2592 655 2644 opera
673 2575 763 2626 omnia
780 2573 891 2642 rumpit,

18 2653 19 2656 ’
111 2652 230 2707 Laetitia
248 2653 395 2720 exsultans,
412 2652 634 2718 horrendumque
651 2650 758 2704 intonat
776 2652 870 2703 armis:
927 2664 964 2704 rm

87 2731 236 2794 XQuantus
254 2731 352 2798 Athos,
369 2732 418 2783 aut
436 2733 555 2798 quantus
574 2729 653 2796 Drys,
673 2730 720 2780 aut
738 2727 804 2795 ipse,
821 2727 939 2780 coruscis

81 2790 88 2820 s
112 2805 181 2858 Cum
198 2806 292 2860 fremit
308 2806 423 2874 ilicibus,
441 2810 568 2875 quantus,
585 2803 744 2872 gaudetque
761 2803 842 2856 nivali

112 2882 225 2936 Vertice
243 2899 273 2935 se
290 2883 417 2936 attollens
433 2885 514 2951 pater
532 2880 713 2949 Appenninus
731 2880 767 2931 ad
785 2894 871 2930 auras
901 2942 905 2950 ,

112 2956 172 3010 Iam
189 2974 255 3010 vero
272 2961 301 3011 et
320 2957 415 3010 Rutuli
433 2957 529 3010 certat'
577 2959 606 3008 et
625 2955 707 3007 Troes
726 2958 754 3006 et
772 2968 864 3006 omnes

112 3033 279 3087 Convertere
297 3033 388 3086 oculos
407 3033 479 3100 Itali,
498 3032 598 3099 quique
616 3031 672 3083 alta
689 3028 822 3082 tenebant
924 3041 965 3087 „nu

112 3109 229 3175 Moenia,
248 3110 350 3176 quique
368 3105 436 3162 imos
454 3107 599 3176 pulsabant
618 3106 704 3158 ariete
722 3120 821 3169 muros,

19 3225 20 3228 ,
113 3184 254 3304 Arippque
271 3183 424 3252 deposuere
441 3182 570 3236 humeris.
606 3181 705 3246 Stupet
723 3180 782 3247 ipse
800 3179 916 3235 Latinus
