2174 3502
10 173 11 176 =
102 141 148 188 2⁴8
332 137 361 186 P.
380 137 533 188 VERGILI
550 137 715 186 MARONIS

101 221 229 285 Classem,
247 234 318 287 quae
335 217 416 272 lateri
435 223 586 273 castrorum
604 219 736 272 adiuncta
751 216 867 285 latebat,

101 294 257 362 Aggeribus
275 297 398 362 saeptam
416 295 516 347 circum
535 297 564 348 et
582 294 736 348 fluvialibus
752 293 842 362 undis,
932 328 956 364 :e

101 370 218 436 Invadit,
236 371 376 438 sociosque
394 371 520 423 incendia
537 371 626 439 poscit
644 371 756 434 ovantis,

100 448 195 516 Atque
213 464 322 500 manum
339 447 405 514 pinu
422 447 549 514 flagranti
567 446 690 500 fervidus
707 446 800 514 inplet.

100 524 169 578 Tum
186 541 251 578 vero
268 522 442 587 incumbunt;
460 525 562 590 urguet
578 523 736 590 praesentia
753 522 853 586 Turni;

101 601 197 668 Atque
214 600 302 654 omnis
319 598 424 654 lacibus
441 598 529 666 pubes
546 598 699 666 accingitur
716 599 791 651 atris.

100 676 246 744 Diripuere
263 676 350 740 foees;
367 676 474 743 piceum
492 675 547 728 lert
564 674 669 727 fumida
687 674 779 727 lumen
930 687 956 728 tt

100 751 192 806 'laeda
209 757 238 806 et
256 752 430 805 commixtam
449 751 586 804 Volcanus
603 749 640 802 ad
657 753 732 802 astra
749 749 878 803 favillam.

136 829 202 892 Quis
219 829 294 892 deus,
314 845 330 882 o
348 828 452 895 Musae,
469 830 526 880 taur
544 842 625 879 saeva
642 826 769 878 incendia
787 826 899 878 Teucris

101 905 226 958 Avertitl
244 908 335 958 tantos
353 903 460 956 ratibus
477 903 539 971 quis
557 902 664 970 depulit
680 901 767 970 ignisl

101 980 196 1034 Dicite.
233 980 326 1032 Prisca
343 978 414 1032 fides
430 979 510 1046 facte,
529 977 579 1031 sed
596 978 670 1030 lama
687 977 820 1045 perennis.

100 1056 231 1125 Tempore
248 1073 303 1125 quo
320 1055 440 1124 primum
459 1054 576 1122 Phrygia
593 1053 730 1108 formabat
747 1054 774 1106 in
795 1053 847 1107 Ida
926 1069 954 1106 se

101 1134 209 1186 Aeneas
225 1132 346 1198 classem,
364 1134 395 1185 et
411 1131 502 1200 pelagi
519 1133 616 1198 petere
633 1131 690 1182 alta
706 1129 829 1198 parabat,

102 1207 166 1276 ipsa
179 1208 265 1262 deum
282 1208 370 1261 fertur
387 1207 513 1275 genetrix
533 1206 695 1274 Berecyntia
712 1223 840 1273 inagnum

101 1283 220 1338 Vocibus
237 1284 280 1338 his
297 1284 391 1337 adfata
410 1283 519 1336 ierem:
539 1282 589 1347 Da,
608 1287 679 1348 nate,
697 1282 810 1350 petenti,

101 1360 179 1424 Quod
197 1365 245 1415 tua
263 1378 326 1414 cara
343 1376 441 1428 parens
459 1359 563 1412 demite
581 1362 610 1413 te
627 1361 715 1427 poscit
734 1358 855 1426 Olympo.

101 1437 185 1491 Pinea
202 1438 269 1490 silva
286 1436 361 1502 milri,
380 1435 480 1488 multos
498 1434 600 1488 dilecta
617 1451 667 1503 per
684 1450 783 1498 annos,
927 1448 954 1486 se

101 1512 190 1566 Lucus
206 1513 234 1566 in
252 1529 314 1566 aree
332 1512 385 1565 luit
402 1527 515 1578 summa,
533 1527 588 1578 que
606 1527 683 1564 sacra
700 1510 833 1577 ferebant,

100 1587 125 1640 N
127 1588 226 1655 igranti
244 1589 319 1656 picea
337 1586 518 1654 trabibusque
535 1585 667 1639 obscurus
684 1586 802 1640 accurriss

101 1663 159 1716 Has
178 1679 228 1730 ege
248 1662 384 1716 Dardanio
402 1662 501 1729 iuveni,
520 1679 582 1715 eum
601 1662 695 1716 classis
712 1666 813 1730 egeret,

100 1739 187 1792 Laeta
204 1739 283 1803 dedi;
300 1756 372 1794 nune
389 1739 532 1792 sollicitam
549 1738 633 1792 timer
649 1739 744 1792 anxius
761 1739 845 1807 angit.

100 1815 179 1870 Solve
191 1819 287 1882 metus,
295 1819 379 1884 atque
390 1816 440 1868 hee
451 1815 578 1883 precibus
586 1815 645 1868 sine
657 1831 736 1881 pesse
745 1818 898 1884 parentem,
927 1830 955 1868 ae

101 1892 163 1944 Neu
179 1908 260 1946 cursu
277 1895 421 1960 quassatae
438 1891 494 1944 ulle
511 1906 565 1944 neu
583 1891 693 1944 turbine
711 1891 785 1943 venti

102 1967 268 2033 vincentum
286 1968 374 2036 presit
390 1967 491 2020 nostris
508 1966 537 2020 in
555 1966 694 2020 mentibus
712 1972 793 2019 ortas.

101 2043 187 2096 Filius
204 2043 268 2097 huic
284 2049 386 2111 centra,
405 2047 517 2110 torquet
534 2043 582 2110 qni
600 2043 692 2096 sidera
709 2043 819 2096 mundi:

101 2119 124 2170 o
142 2119 275 2186 genetrix,
294 2137 349 2188 que
366 2120 424 2174 iata
441 2120 537 2172 vocasl
556 2121 605 2172 aut
623 2118 690 2186 quid
708 2119 780 2186 petis
798 2118 876 2172 istisl

101 2195 246 2268 Mortaline
263 2213 345 2248 manu
362 2197 450 2249 factae
468 2193 611 2248 inmortale
629 2194 736 2246 carinae
928 2209 954 2248 as
1058 2247 1060 2254 ,

101 2269 155 2322 Fas
172 2269 306 2324 habeantl
324 2277 471 2339 certusque
490 2271 595 2323 ineerta
612 2270 733 2338 pericula
750 2270 850 2326 lustret

101 2347 227 2399 Aeneas?
246 2347 288 2398 cui
306 2350 384 2400 tanta
403 2347 455 2400 dee
473 2346 606 2414 permissa
623 2347 762 2414 potestas?

100 2421 196 2483 Immo,
215 2421 262 2474 ubi
281 2422 427 2475 defunctae
445 2423 526 2476 linem
544 2425 696 2490 portusque
713 2423 847 2476 tenebunt

100 2497 237 2552 Ausonios
255 2497 327 2564 elini,
347 2515 535 2566 quaecumque
553 2500 671 2552 evaserit
688 2499 771 2551 undis

99 2575 323 2642 Dardaniumque
341 2575 436 2628 ducem
459 2575 607 2628 Laurentia
624 2574 730 2628 vexerit
747 2590 818 2638 arva,
914 2588 953 2626 ree

98 2651 246 2704 Mortalem
265 2651 379 2719 eripiam
395 2652 519 2716 formam,
536 2651 683 2718 magnique
701 2649 800 2702 iubebo

98 2728 237 2796 Aequoris
255 2743 315 2780 esse
334 2727 408 2794 deas,
426 2726 514 2795 qualis
532 2726 633 2779 Nereia
652 2726 723 2780 Doto

99 2801 136 2856 Et
155 2803 270 2856 Galatea
288 2807 381 2856 secant
399 2806 570 2869 spumantem
588 2805 699 2871 pectore
716 2806 839 2871 pontum.

99 2878 223 2942 Dixerat,
241 2878 325 2944 idque
343 2883 433 2930 ratuni
453 2877 540 2945 Stygii
557 2894 608 2946 per
625 2878 737 2931 flumina
753 2877 854 2945 fratris,

97 2951 154 3002 Per
171 2953 232 3018 pice
250 2952 381 3004 torrentis
400 2959 515 3019 atraque
533 2953 662 3020 voragine
680 2954 754 3021 ripas
917 2965 953 3008 1⁰⁵

100 3025 215 3090 Adnuit,
233 3030 262 3079 et
280 3030 369 3078 tetum
388 3034 455 3078 nutu
475 3028 628 3080 tremefecit
647 3027 801 3097 Olympum.

133 3097 207 3162 Ergo
224 3099 322 3153 aderat
340 3101 475 3166 promissa
492 3100 559 3167 dies,
579 3106 608 3154 et
626 3106 751 3171 tempera
769 3103 873 3157 Parcae

98 3166 199 3221 Debita
216 3175 388 3240 conplerent:
407 3191 468 3227 curn
487 3175 570 3227 'lirrni
586 3177 685 3230 iniuria
703 3179 823 3234 Matrem
