2174 3502
105 133 152 180 218
340 131 370 178 Ρ.
389 129 542 178 VERGILI
559 130 725 178 MARONIS

104 210 176 278 Ergo
193 211 248 264 iter
264 209 301 263 ad
317 227 411 278 regem
429 210 533 279 polluta
550 227 617 279 pace
637 211 762 266 Latinum

105 287 205 340 Indicit
222 287 317 355 primis
334 287 468 351 iuvenum,
487 289 516 339 et
533 286 609 340 iubet
627 303 702 339 arma
719 285 817 354 parari,

103 363 198 415 'lutari
218 363 333 427 Italiam,
352 363 502 415 detrudere
520 363 618 415 finibus
636 363 758 426 lrostem;

103 439 139 493 Se
157 440 223 491 satis
241 437 373 491 ambobus
391 438 556 506 Teucrisque
574 439 666 492 venire
686 439 851 506 Latinisque.
915 453 954 494 47⁰

104 515 181 568 Haec
198 514 244 567 ubi
262 513 335 566 dicta
353 513 431 566 dedit
449 513 580 581 divosque
598 515 625 566 in
644 518 707 566 vota
725 515 838 568 micavit.

103 590 237 644 Certatim
255 606 315 643 sese
334 589 429 641 Rutuli
448 590 626 642 exhortantur
643 591 671 642 in
690 607 771 643 arma
885 594 890 606 ’

104 667 183 720 Hunc
199 661 285 718 decus
303 665 441 732 egregium
460 666 562 718 formae
580 671 672 719 movet
690 672 773 734 atque
790 666 924 730 iuventae,

104 742 185 794 Hunc
203 743 274 794 atavi
293 757 379 808 reges,
398 741 468 793 hunc
485 742 564 793 claris
582 742 698 794 dextera
714 742 799 794 factis.

137 818 209 869 Dum
227 819 332 870 'furnus
352 817 467 869 Rutulos
484 817 579 870 animis
597 817 745 870 audacibus
763 816 856 884 inplet,
915 831 954 870 475

103 895 211 947 Allecto
228 896 255 946 in
274 893 390 946 Teucros
409 893 509 960 Stygiis
527 910 556 946 se
575 894 693 946 concitat
710 893 765 945 alis.

104 973 173 1022 Arte
191 986 260 1022 nova
277 969 416 1037 speculata
433 969 528 1029 locum,
547 987 601 1037 quo
617 970 698 1024 litore
715 969 827 1036 pulcher

77 1107 80 1111 .
103 1045 213 1099 Insidiis
231 1061 365 1112 cursuque
382 1045 455 1097 feras
471 1045 595 1111 agitabat
613 1045 697 1110 iulus,

103 1121 156 1174 Hic
174 1121 291 1174 subitam
309 1119 420 1173 canibus
438 1120 541 1173 rabiem
561 1121 672 1187 Cocytia
688 1122 765 1187 virgo

103 1195 203 1249 Obiicit
220 1200 249 1249 et
266 1201 330 1248 noto
348 1196 421 1248 naris
438 1197 571 1263 contingit
588 1197 678 1261 odore,
912 1209 953 1250 aso

104 1272 141 1325 Ut
159 1289 268 1325 cerrum
285 1272 414 1325 ardentes
432 1276 558 1339 agerent3
577 1289 647 1339 quae
665 1273 751 1340 prima
768 1272 891 1324 laborum

102 1349 202 1401 Caussa
219 1349 271 1401 fuit
288 1347 415 1415 belloque
434 1349 537 1400 animos
555 1348 678 1400 accondit
696 1349 817 1415 agrestis

102 1423 203 1476 Cervus
221 1427 281 1476 crat
298 1423 385 1476 forma
402 1423 551 1491 praestanti
569 1426 598 1475 ct
615 1421 741 1476 cornibus
757 1423 862 1489 ingens,

100 1499 249 1566 Tyrrhidae
267 1499 344 1567 pueri
362 1515 443 1567 quem
463 1500 558 1550 matris
576 1498 610 1550 ab
628 1498 713 1551 ubere
730 1503 838 1566 mptum

102 1574 251 1628 Nutribant
269 1575 458 1643 Tyrrhenaque
475 1578 563 1641 pater,
581 1575 623 1626 cui
642 1574 717 1642 regia
734 1576 831 1641 parcnt
913 1587 952 1626 aas

101 1652 243 1715 Armenta,
261 1655 290 1703 et
307 1651 363 1703 late
381 1650 504 1703 custodia
521 1649 626 1702 credita
643 1649 741 1718 campi.

101 1719 255 1778 Adsuetum
273 1727 383 1794 inperiis
401 1742 476 1778 soror
494 1725 567 1778 omni
585 1725 668 1778 Silvia
685 1738 749 1777 cura

101 1801 229 1854 Mollibus
247 1803 372 1854 intexens
391 1800 505 1854 curabat
523 1817 624 1854 cornua
641 1801 729 1867 sertis,

102 1877 287 1945 Peetebatquc
304 1877 398 1940 ferum,
415 1893 538 1944 puroque
554 1876 583 1928 in
600 1875 676 1928 fonte
693 1875 807 1928 lavabat.

101 1954 152 2006 llle
171 1971 279 2006 inanum
297 1953 404 2020 patiens
421 1968 583 2020 mensaeque
600 1951 731 2004 adsuetus
748 1951 825 2004 herili
913 1967 951 2006 rau

101 2029 217 2082 Errabat
236 2030 309 2081 silvis
327 2044 475 2095 rursusque
493 2028 529 2080 ad
546 2027 639 2080 limina
655 2031 721 2080 neta

100 2104 164 2172 Ipse
182 2105 291 2156 domum
311 2120 372 2173 sega
389 2103 512 2180 quam-vis
530 2120 559 2156 se
577 2109 656 2156 nocte
672 2102 785 2156 ferebat.

100 2179 181 2232 Hunc
198 2180 292 2247 procul
310 2182 447 2232 errantem
465 2178 576 2232 rabidae
594 2179 717 2232 venantis
736 2179 789 2232 Iuli

100 2254 275 2308 Commovere
293 2271 380 2319 canes,
399 2253 480 2308 fluvio
498 2271 559 2307 cum
577 2253 649 2308 forte
668 2253 785 2307 secundo

99 2329 246 2396 Deflucret‚
264 2330 377 2396 ripaque
395 2333 486 2382 aestus
503 2329 640 2382 viridante
657 2330 766 2382 levaret.
914 2345 950 2384 aas

99 2405 163 2474 Ipse
182 2408 271 2468 etiam,
289 2405 403 2457 eximiae
421 2404 509 2458 laudis
527 2421 670 2458 succensus
688 2421 786 2468 amore,

99 2482 232 2535 Ascanius
249 2497 330 2534 curvo
348 2481 450 2534 direxit
468 2481 571 2548 spicula
589 2497 689 2545 cornu;
714 2547 718 2552 η
746 2509 749 2514 -

98 2557 157 2610 Nec
175 2557 289 2610 dextrae
307 2557 409 2609 erranti
428 2557 495 2609 deus
513 2557 589 2620 aluit,
607 2561 722 2626 actaque
739 2555 827 2608 multo

99 2632 207 2701 Perque
225 2639 333 2686 uterum
352 2633 441 2685 sonitu
458 2649 562 2700 perque
579 2632 626 2686 ilia
644 2633 718 2686 venit
735 2631 846 2702 arundo,

98 2707 211 2760 Saucius
228 2712 257 2760 at
275 2708 431 2776 quadrupes
448 2711 514 2760 nota
530 2707 604 2761 intra
621 2713 695 2761 tecta
712 2707 820 2774 refugit,
912 2721 949 2760 eoo

98 2782 287 2851 successitque
304 2799 417 2849 gemens
435 2782 557 2849 stabulis,
574 2788 729 2851 questuque
746 2784 875 2835 emeatus

98 2859 192 2923 Atque
210 2858 356 2924 inploranti
374 2858 469 2910 similis
487 2862 590 2910 tectum
609 2875 687 2911 omne
705 2857 836 2925 raplebat

96 2927 179 2981 Silvia
196 2932 284 2996 prima
301 2947 385 2996 soror,
404 2932 500 2998 palmis
518 2949 648 2999 percussa
665 2933 789 2998 lacertos,

96 3000 239 3056 Auxilium
257 3008 336 3057 vocat
353 3008 381 3058 et
400 3005 483 3064 duros
500 3007 651 3059 conclamat
669 3007 792 3074 agrestis

96 3069 156 3134 Oui,
173 3079 259 3138 pestis
277 3079 349 3130 enim
367 3079 459 3132 tacitis
476 3080 544 3132 latet
562 3095 659 3148 aspera
677 3082 756 3144 silvis,
914 3095 952 3134 sue

95 3138 229 3206 Inproviai
247 3151 355 3215 adsunt,
373 3152 417 3205 hic
434 3157 509 3205 torre
527 3160 648 3207 armatus
666 3156 772 3218 obusto,

971 1821 974 1827 ‘
1074 1799 1076 1908 l

1074 2013 1076 2096 l

1074 2429 1076 2482 i

1073 2485 1076 2588 l
