2152 3506
377 142 560 192 AENEIDOS
577 144 646 192 LIB.
666 144 717 193 111.
924 151 972 196 129

118 223 273 286 lnmuud03
290 228 351 276 tum
368 239 421 276 vos
439 227 560 278 taetrum
578 224 640 278 dira
656 225 729 279 inter
746 225 866 282 odorem.

118 300 240 354 ltnrsum
258 301 286 354 in
304 317 413 354 secessu
432 299 511 368 longo
529 300 580 354 sub
598 318 666 370 rupe
684 306 787 371 cavata,

119 377 275 432 Arboribus
286 376 370 428 clausi
383 376 484 428 circum
496 381 580 445 atque
592 377 766 432 horrentibus
777 379 888 448 umbris,
936 396 971 436 aaa

118 455 285 507 Instmimus
302 468 410 505 mensas
427 452 536 520 arisque
553 454 710 522 reponimus
727 455 833 522 ignem:

120 531 239 582 Rursum
258 546 291 582 ex
310 528 419 582 diverso
437 528 504 582 caeli
522 531 662 598 caecisque
679 531 794 585 latebris

118 607 211 660 Turba
228 621 327 658 sonans
345 604 476 673 praedam
494 605 610 673 pedibus
627 608 804 662 circumvolat
821 610 904 675 uncis,

109 683 222 746 ‚Polluit
240 698 287 735 ore
305 681 398 749 dapes
434 683 517 736 Sociis
535 686 607 748 tune,
626 699 703 736 arma
720 690 870 752 capessant,

118 759 212 825 Edico,
232 761 261 812 et
279 757 338 811 dira
355 757 458 811 bellum
475 775 536 812 cum
554 763 636 827 gente
653 760 812 826 gerendum.
935 777 970 815 aas

118 836 206 889 Haud
222 851 302 888 secus
319 851 351 888 ae
369 834 434 888 iussi
452 834 563 902 faciunt,
582 837 726 904 tectosque
744 852 793 904 per
809 837 922 892 herbam

117 913 275 982 Disponunt
294 927 372 965 enses
390 915 419 964 ct
437 915 513 965 scuta
530 911 644 966 latentia
661 912 788 966 condunt.

118 990 193 1056 Ergo
210 987 258 1041 ubi
276 985 403 1056 delapsae
421 987 539 1041 sonitum
556 1004 606 1056 per
623 1004 707 1042 curva
725 987 827 1043 dedere

117 1065 222 1132 Litora,
241 1064 290 1118 dat
307 1065 414 1132 signum
433 1064 541 1132 specula
559 1063 681 1118 Misenus
699 1064 734 1118 ab
752 1065 809 1118 alta

117 1144 196 1195 Aere
213 1157 284 1194 cavo.
323 1141 461 1193 Invadunt
478 1140 551 1207 socii,
569 1143 598 1194 et
616 1157 685 1194 nova
702 1141 806 1209 proclia
823 1145 968 1211 temptant,

117 1218 259 1272 Obscenae
276 1218 365 1286 pelagi
382 1218 454 1270 ferro
471 1217 583 1270 foedare
601 1217 730 1282 volucres.
934 1235 968 1272 an

116 1283 175 1350 Sed
193 1310 281 1362 neque
299 1294 354 1348 vim
372 1293 470 1362 plumis
488 1293 571 1346 ullam
588 1310 639 1346 nec
657 1294 767 1346 volnera
783 1297 862 1360 tergo

117 1371 273 1439 Accipiunt,
292 1369 427 1437 celerique
444 1369 510 1437 suga
527 1368 578 1422 sub
597 1367 689 1422 sidem
706 1369 796 1436 lapsae

116 1448 267 1502 Semiesam
285 1446 415 1515 praedam
434 1450 462 1500 et
480 1446 595 1512 vestigia
612 1444 692 1498 foeda
710 1445 872 1513 relinquunt.

117 1525 182 1578 Una
199 1524 227 1577 in
244 1523 382 1591 praecelsa
399 1523 523 1576 consedit
541 1539 609 1591 rupe
627 1521 753 1587 Celaeno,
934 1539 968 1576 ae

115 1600 219 1654 Infelix
237 1603 320 1664 vates,
339 1600 495 1668 rumpitque
513 1599 582 1652 hone
599 1602 710 1667 pectore
728 1614 834 1652 vocem:

117 1677 227 1731 Bellum
245 1676 326 1729 ctiam
344 1692 394 1743 pro
412 1675 496 1729 caede
514 1676 596 1728 boum
615 1674 766 1744 stratisque
783 1675 910 1743 iuvencis

115 1752 376 1819 Laomedontiadas,
396 1751 533 1806 bellumne
550 1752 650 1805 inferre
667 1753 771 1820 paretis

115 1831 154 1884 Et
172 1829 261 1898 patrio
281 1827 416 1897 Harpyias
434 1828 548 1882 insontis
565 1828 667 1896 pellere
685 1830 786 1896 regnel

116 1905 244 1972 Accipite
262 1921 328 1972 ergo
345 1905 441 1958 animis
460 1908 542 1972 atque
560 1905 625 1958 haee
644 1921 704 1958 mea
722 1905 798 1971 figito
817 1904 897 1958 dicta.
933 1922 968 1957 ano

115 1983 196 2046 Quae
215 1981 325 2034 Phoebo
342 1985 423 2049 pater
440 1981 618 2049 omnipotens,
637 1981 702 2032 milri
724 1979 848 2033 Phoebus
867 1981 968 2048 Apollo

115 2057 268 2124 Praedixit,
287 2056 364 2110 vobis
383 2057 524 2110 Furiarum
543 2075 594 2124 ego
613 2073 739 2109 maxuma
756 2057 853 2124 pando.
954 2105 957 2112 .

117 2135 227 2188 ltaliam
246 2149 327 2186 cursu
344 2134 447 2202 petitis,
466 2135 608 2202 ventisque
627 2133 729 2186 vocatis

116 2211 200 2264 lbitis
220 2210 336 2276 ltaliam,
354 2213 503 2278 portusque
522 2210 625 2263 intrare
644 2209 752 2273 licebit;

114 2287 174 2340 Sed
191 2301 245 2338 non
263 2291 326 2339 ante
345 2286 438 2339 datam
456 2286 570 2353 cingetis
588 2285 727 2340 moenibus
745 2289 849 2353 urbem,
932 2303 968 2341 aas

115 2364 206 2427 Quam
224 2378 271 2414 vos
289 2361 348 2415 dira
365 2362 451 2415 fames
468 2366 632 2431 nostraeque
650 2362 748 2416 iniuria
764 2363 855 2418 caedis

115 2437 254 2493 Ambesas
272 2437 381 2506 subigat
398 2439 476 2492 malis
495 2439 638 2492 absumere
656 2456 769 2493 mensae.

117 2515 203 2582 Dixit,
221 2516 294 2568 etin
314 2515 408 2568 silvam
426 2517 522 2584 pennis
540 2516 631 2568 ablata
649 2515 759 2582 relegit.

117 2593 159 2646 nt
177 2591 256 2644 sociis
274 2591 365 2645 subita
383 2593 489 2660 gelidus
507 2592 651 2645 fonnidine
671 2593 780 2658 sanguis

116 2668 259 2736 Deriguit;
277 2667 400 2722 cecidere
419 2669 509 2735 animi,
528 2685 577 2720 nec
595 2668 648 2720 iam
668 2669 782 2735 amplius
800 2668 890 2731 arinis,
932 2685 967 2720 rm

115 2744 174 2798 Sed
192 2744 262 2797 votis
279 2745 459 2812 precibusque
476 2745 571 2798 iubent
589 2760 735 2812 exposcere
753 2761 855 2813 pacem,

116 2821 181 2874 Sive
199 2820 274 2886 deae,
293 2839 340 2874 seu
359 2822 413 2875 sint
431 2822 507 2874 dirae
526 2821 712 2888 obscenaeque
731 2821 858 2873 volueres

116 2898 154 2951 Et
171 2901 252 2966 pater
271 2898 404 2951 Anchises
422 2898 509 2966 passis
527 2898 563 2949 de
580 2897 661 2950 litore
678 2897 774 2964 palmis

117 2974 237 3028 Numina
255 2988 353 3041 magna
370 2976 456 3042 vocat,
474 2975 641 3042 meritosque
657 2972 754 3026 indicit
770 2972 897 3024 honores:

117 3051 160 3118 bi,
178 3050 323 3119 prohibete
341 3051 442 3113 minas;
461 3050 496 3113 di,
515 3049 598 3103 talem
617 3050 733 3102 avertite
752 3063 858 3112 casum,
933 3047 988 3100 aaa

118 3128 154 3180 Et
171 3127 271 3195 placidi
290 3129 397 3180 servate
414 3124 485 3194 pies!
522 3126 591 3176 Tum
608 3125 689 3176 litore
707 3124 798 3173 funem

119 3204 259 3272 lleripere,
277 3217 459 3267 excussosque
478 3200 555 3249 iubet
572 3199 665 3250 laxare
683 3194 816 3246 rudentis.
