2152 3506
110 173 154 217 111
335 170 364 218 Ρ,
385 167 537 216 VERGILI
554 167 719 217 MARONIS

109 250 219 303 Pelidae
236 248 370 317 genitori;
387 250 426 303 illi
444 266 505 302 mea
522 249 615 303 tristia
630 250 705 304 facta

109 328 335 394 Degeneremque
354 327 564 395 Neoptolemum
583 344 694 380 narrare
712 331 857 382 memento.

111 403 309 456 Nuncmorere.
347 403 407 456 Hoc
416 403 507 455 dicens
517 403 614 456 altaria
624 403 660 456 ad
669 405 901 473 ipsatremcntem
932 421 973 459 seo

110 481 203 533 Traxit
220 484 248 533 et
266 479 293 532 iu
312 479 397 532 multo
416 478 567 545 lapsantem
587 481 718 548 sanguine
736 482 800 546 nuti,

109 557 293 624 Inplicuitque
311 571 415 608 comam
433 554 517 621 laeva,
538 556 691 624 dextraque
709 574 850 611 coruscum

110 633 214 686 Extulit
232 649 263 684 ao
281 631 360 685 lateri
378 631 474 699 capulo
493 635 573 684 tenus
592 631 701 686 abdidit
718 651 817 687 ensem.

109 711 186 762 Haec
203 708 264 761 finis
284 707 386 761 Priami
404 708 540 771 latornm;
557 708 600 762 hic
620 710 709 763 exitus
727 710 804 763 illum

108 785 267 851 Sortetulit,
278 785 386 838 Troiam
394 785 530 838 incensam
538 789 567 838 et
577 786 849 854 prolapsasidcntem
934 803 975 841 aas

110 864 248 930 Pergama,
266 863 309 914 tot
328 859 465 928 quondam
485 861 590 929 populis
609 862 747 930 terrisque
765 862 915 930 superbum

110 937 295 1006 Regnatorem
314 936 405 990 Asiae.
443 937 519 989 Iacet
536 937 632 1003 ingens
651 937 731 991 litore
749 942 869 1004 truncus,

110 1014 297 1081 Avolsumque
315 1011 435 1066 humeris
453 1017 543 1080 caput,
562 1017 591 1066 et
610 1015 667 1067 sine
685 1016 793 1067 nomine
811 1031 917 1084 corpus.

145 1093 184 1143 At
201 1106 245 1143 me
263 1092 323 1142 tum
340 1089 459 1156 primum
478 1105 574 1142 saevus
592 1091 774 1144 circumstetit
791 1090 894 1144 horror.

110 1167 250 1234 Obstipui3
269 1164 351 1217 subiit
369 1165 424 1218 cari
442 1165 574 1232 genitoris
592 1165 689 1233 imago,
934 1183 975 1220 sm

112 1245 150 1297 Ut
167 1259 260 1310 regern
279 1257 447 1308 aequaevum
465 1240 569 1294 crudeli
588 1243 697 1296 volnere
716 1241 770 1294 vidi

113 1321 204 1374 Vitam
222 1318 410 1381 exhalantem3
429 1317 511 1371 subiit
531 1318 642 1372 deserta
661 1318 789 1385 Creusa·
859 1333 863 1352 ·

113 1398 146 1450 Et
164 1396 272 1463 direpta
290 1393 395 1459 domus,
414 1397 443 1446 et
462 1394 538 1461 parvi
557 1411 635 1447 casus
656 1394 716 1447 Iuli.

113 1473 243 1541 ltespiclo,
262 1473 299 1535 et,
318 1485 388 1536 quae
407 1469 442 1522 sit
461 1485 504 1522 rne
523 1470 623 1522 circum
642 1471 725 1539 copia,
744 1471 837 1524 lustro.

111 1550 263 1602 Deseruere
281 1562 374 1599 omncs
392 1544 500 1611 defessi,
521 1549 550 1598 et
568 1562 681 1614 corpora
699 1547 770 1600 saltu
934 1564 974 1604 eos

112 1624 158 1676 Ad
176 1628 278 1677 terram
297 1623 394 1675 misere
414 1625 462 1675 aut
480 1622 589 1689 ignibus
608 1639 690 1690 aegra
709 1623 819 1677 dedere.

147 1699 274 1768 [lamque
293 1699 361 1750 adeo
381 1713 462 1765 super
481 1715 550 1750 unus
569 1715 652 1762 eram,
671 1716 731 1752 curn
750 1700 841 1753 limina
859 1701 967 1755 Vestae

112 1777 271 1830 Servantem
290 1777 318 1826 ct
337 1773 449 1826 tacitam
468 1777 574 1826 secreta
591 1775 618 1826 iu
638 1774 704 1828 sede
723 1775 852 1830 latentem

112 1851 265 1920 Tyndarida
282 1849 395 1918 aspicio:
415 1849 482 1902 dant
501 1851 573 1904 clara
591 1851 718 1905 incendia
735 1852 822 1905 lucem

113 1927 221 1980 Erranti
240 1927 396 1994 passimque
414 1925 505 1978 oculos
523 1943 573 1994 per
592 1931 690 1980 cuncta
708 1928 817 1983 ferenti.
934 1945 975 1984 aro

114 2003 165 2056 llla
183 2004 233 2057 sibi
251 2003 364 2056 infestos
384 2018 478 2056 crcrsa
495 2002 530 2054 ob
551 2003 684 2070 Pergama
702 2004 819 2058 Teucros

114 2081 149 2133 lit
166 2097 265 2149 poenas
285 2079 407 2131 Danaum
427 2081 456 2130 et
474 2077 577 2132 deserti
595 2080 716 2146 coniugis
733 2080 788 2133 iras

114 2156 314 2219 Praemctuens‚
334 2154 431 2208 Troiae
449 2157 480 2208 et
496 2155 603 2223 patriae
621 2157 771 2209 communis
790 2157 893 2224 Erinys,

114 2230 270 2284 Abdidorat
288 2247 348 2284 sose
366 2235 449 2298 atque
469 2232 523 2284 aris
540 2232 627 2284 invisa
645 2232 767 2285 sedebat.

114 2307 247 2360 Exarsere
265 2307 342 2373 ignes
359 2306 464 2370 anin10;
482 2307 556 2360 subit
574 2307 616 2360 ira
633 2308 777 2361 cadentem
935 2324 975 2364 ⁵7⁵

114 2382 213 2437 Ulcisci
231 2383 347 2450 patriam
365 2385 394 2434 et
412 2383 557 2436 sceleratas
574 2399 681 2437 sumere
700 2401 804 2452 poenas.

115 2457 223 2512 Scilicet
240 2457 307 2510 haec
326 2458 452 2527 Spartam
471 2459 614 2512 incolumis
631 2461 789 2529 patriasque
808 2461 937 2529 Mycenas

116 2534 254 2602 Aspicietl
272 2538 406 2602 partoque
425 2535 476 2588 ibit
494 2537 589 2603 regina
607 2537 754 2606 triumpho,

116 2611 338 2679 Coniugiumquc,
357 2611 528 2682 donmmque,
548 2616 648 2679 patres,
667 2621 801 2680 natosque
818 2611 931 2678 videbit,

117 2686 233 2739 Iliadum
251 2687 332 2741 turba
350 2693 379 2742 et
398 2688 523 2756 Phrygiis
541 2690 672 2742 comitata
690 2689 838 2743 ministris?
934 2704 974 2742 cer

116 2762 254 2817 Occiderit
272 2764 345 2817 icrro
367 2764 507 2818 Priamus?
545 2765 625 2818 Troia
643 2767 741 2819 arserit
758 2765 831 2833 ignil

116 2839 285 2892 Dardanium
304 2841 402 2894 totiens
423 2840 529 2894 sudarit
547 2842 677 2909 sanguine
696 2841 776 2896 litusl

116 2915 142 2969 N
145 2932 179 2968 on
197 2915 243 2969 ita.
280 2917 406 2986 Namque
424 2916 476 2969 etsi
494 2917 598 2970 nullum
617 2917 793 2971 memorabile
810 2933 908 2971 nomen

118 2991 247 3043 Feminea
264 2991 292 3042 in
309 3007 397 3057 poena
415 2994 458 3044 est
476 3007 527 3044 neo
545 2993 630 3046 habet
647 2993 760 3047 victoria
777 2993 893 3057 laudem,

118 3065 289 3118 Exstinxisse
306 3067 382 3118 nefas
399 3069 491 3119 tamen
510 3071 539 3119 et
558 3069 704 3135 sumpsisse
721 3068 852 3122 merentis
933 3081 974 3124 ⁵8⁵

119 3138 263 3192 Laudabor
280 3157 388 3208 poenas,
407 3141 581 3208 animumque
598 3143 721 3210 explesse
738 3143 843 3197 iuvabit

119 3212 231 3264 'Ultricis
248 3214 381 3279 flanimea,
400 3220 429 3267 et
447 3216 551 3268 cineres
569 3218 682 3269 satiasse
700 3235 828 3272 meorum.
