2172 3506
396 161 472 210 AEN
475 161 581 210 alnos
597 162 666 213 LIB.
684 163 720 212 X.
913 167 960 216 aul

105 247 301 314 canitiemque
318 247 368 300 sihi
389 251 418 300 et
435 246 531 314 longos
549 245 713 315 promiserat
732 262 873 313 annos3-

105 323 256 392 Tarquitus
275 326 414 378 exsultans
433 327 526 377 eontra
544 320 713 389 fulgentibus
731 324 820 386 amris,
927 339 962 377 ssu

105 401 251 454 Silvieolae
270 401 362 453 Fauno
381 402 490 469 Dryope
508 414 590 466 quem
609 397 728 464 nympha
745 404 859 467 crearat,

106 476 214 530 Obvius
233 475 341 529 ardenti
362 493 422 530 sese
440 475 549 528 obtulit.
589 474 639 526 lllc
658 473 772 527 reducta

106 553 234 607 Loricam
253 553 387 622 clipeique
406 553 501 620 ingens
518 567 587 604 onus
605 549 713 618 inpedit
731 550 824 615 liasta;

106 631 177 683 'l'nm
196 632 278 696 caput
296 630 399 682 orantis
417 627 583 696 nequiquam
601 630 631 679 et
648 627 735 679 multa
752 627 877 695 parantis

107 706 208 760 Dicere
226 705 356 758 deturhat
374 709 474 771 terrae,
492 707 676 771 truncumque
694 706 835 771 tepentem
928 722 963 760 sss

108 783 274 835 Provoluens
293 781 459 850 superhaec
477 780 585 833 inimico
603 783 715 847 pectore
732 781 823 835 fatur:

108 858 177 910 Istic
195 874 273 923 nunc,
292 858 447 925 metuende,
465 857 530 910 iaec,
566 856 592 908 N
594 871 629 909 on
646 859 675 909 te
694 860 806 925 optuma
824 861 914 925 mater

108 934 218 991 Condet
235 933 325 999 humo,
343 934 487 1002 patrioque
505 931 631 985 onerabit
649 932 772 986 membra
790 933 949 1001 sepulchro:

111 1009 236 1063 Alitihus
252 1009 377 1077 linquere
395 1009 467 1074 feris,
487 1011 535 1061 aut
553 1009 661 1075 gurgite
680 1025 799 1062 mersum

109 1085 192 1139 Unda
210 1086 288 1150 ieret,
305 1086 446 1154 piscesque
463 1085 562 1152 inpasti
580 1085 689 1138 volnera
705 1085 833 1139 lambent.
927 1101 964 1138 sao

109 1163 240 1216 Protinus
260 1164 398 1216 Antaeum
417 1167 447 1216 et
465 1162 574 1229 Lucam,
594 1161 682 1229 prima
700 1163 810 1229 agentius
829 1161 920 1222 Turni,

110 1239 298 1308 Persequitur,
311 1240 466 1306 fortemque
479 1238 605 1303 Numam,
619 1238 778 1306 fulvumque
792 1239 955 1304 Camertem,

109 1315 285 1383 Magnanimo
304 1315 451 1369 Volreente
469 1318 566 1381 satum,
585 1314 736 1366 ditissimus
754 1315 812 1380 agri

110 1391 164 1456 Qui
181 1391 234 1444 fuit
254 1391 431 1456 Ausonidum,
449 1396 478 1445 et
496 1390 588 1444 tacitis
607 1390 733 1456 regnavit
753 1388 880 1457 Amyclis.

110 1470 243 1534 Aegaeon
262 1467 357 1536 qualis,
375 1472 485 1520 centum
505 1467 547 1519 cui
567 1465 693 1520 bracchia
711 1465 806 1518 dicunt
927 1478 964 1517 aas

110 1544 302 1611 Centenasque
319 1559 423 1609 manns,
442 1542 641 1610 quinquaginta
659 1541 753 1594 eribus
771 1541 862 1609 ignem

110 1618 326 1686 Pectoribusque
344 1619 450 1686 arsisse,
470 1618 543 1671 Iovis
561 1634 622 1671 cum
642 1617 755 1670 fulmina
773 1621 869 1672 contra

109 1695 163 1749 Tot
182 1696 292 1764 paribus
310 1699 447 1765 streperet
464 1695 566 1764 clipeis,
584 1698 627 1748 tot
647 1695 795 1761 stringeret
814 1711 907 1749 enses:

110 1773 155 1826 Sic
174 1775 233 1825 toto
252 1774 360 1826 Aeneas
379 1772 502 1825 desaevit
520 1771 548 1824 in
568 1787 687 1840 aequore
706 1771 800 1836 victor,

110 1849 152 1902 Ut
171 1848 254 1902 semel
272 1848 391 1917 intepuit
409 1864 512 1902 nmero.
550 1847 622 1912 Quin
641 1863 704 1900 0000
723 1846 840 1914 Niphaei
928 1858 965 1898 oro

110 1924 288 1991 Quadriiugis
306 1924 334 1976 in
352 1940 437 1992 equos
456 1924 626 1992 adversaque
645 1927 757 1991 pectora
775 1921 875 1976 tendit.

111 2001 207 2068 Atque
225 2000 272 2067 illi,
291 1999 372 2067 longe
390 2000 563 2068 gradientem
583 2003 612 2053 et
630 1999 690 2052 dira
709 1999 871 2051 frementem

110 2077 152 2130 Ut
170 2077 272 2143 videre,
291 2079 367 2130 metu
385 2076 457 2129 versi
475 2081 606 2144 retroque
625 2078 738 2128 ruentes

111 2153 318 2220 Effunduntque
337 2152 443 2218 duecm,
462 2155 627 2220 rapiuntque
646 2150 682 2204 ad
700 2151 781 2203 litera
798 2165 904 2202 currus.

112 2229 224 2282 Interea
242 2227 342 2296 biiugis
360 2227 444 2282 infert
463 2245 493 2281 se
512 2229 636 2295 Lucagus
655 2226 723 2280 albis
928 2237 964 2276 ers

112 2306 146 2358 In
165 2305 277 2369 medios,
295 2304 435 2372 fraterque
454 2305 552 2372 Liger,
576 2304 626 2357 sed
643 2305 731 2357 frater
749 2302 863 2356 habenis

111 2381 215 2436 Flectit
232 2397 324 2449 equos,
344 2381 470 2434 strictum
489 2385 564 2434 rotat
576 2384 644 2434 'acer
663 2381 788 2447 Lucagus
806 2395 909 2432 ensem.

112 2457 197 2511 Haud
215 2457 281 2510 tulit
299 2459 409 2510 Aeneas
428 2461 505 2510 tanto
524 2457 630 2510 fervore
648 2457 777 2510 furentis:

112 2533 211 2600 Inruit,
228 2533 396 2601 adversaque
415 2533 510 2599 ingens
528 2533 656 2598 adparuit
673 2533 767 2584 hasta:

112 2609 164 2662 Oui
178 2609 272 2677 Liger:
929 2617 966 2656 aar

111 2684 175 2738 Non
194 2684 336 2738 Diomedis
354 2701 446 2752 equos,
465 2701 515 2738 nec
532 2701 642 2737 currum
661 2684 750 2736 cernis
770 2680 877 2744 Achilli,

112 2761 173 2815 Aut
191 2761 326 2829 Phrygiae
345 2777 467 2828 campos:
485 2777 556 2814 nnnc
575 2760 639 2812 belli
658 2760 719 2812 finis
738 2763 767 2812 et
785 2756 844 2811 aevi

112 2837 167 2890 His
184 2836 296 2891 dabitur
314 2836 402 2890 terris.
441 2836 550 2890 Vesano
567 2835 634 2889 talia
653 2837 708 2889 late

112 2913 194 2968 Dicta
211 2914 304 2968 volant
323 2913 420 2982 Ligeri.
457 2913 513 2967 Sed
531 2930 584 2966 non
603 2919 632 2966 et
651 2913 747 2965 Troius
765 2911 846 2962 heros

112 2989 194 3043 Dicta
205 2993 286 3058 parat
299 2993 408 3054 eontra3
427 2990 542 3044 iaculum
557 3007 618 3043 uem
632 2991 745 3055 torquet
757 2988 785 3039 in
798 2985 913 3036 hostem.
929 2991 965 3029 ⁵8⁵

113 3065 239 3133 Lucagus
256 3070 288 3118 ut
306 3083 408 3134 pronus
426 3067 548 3134 pendens
567 3066 594 3117 in
613 3065 728 3118 verbera
746 3061 802 3112 telo

114 3142 267 3195 Admonuit
285 3142 398 3210 biiugos,
416 3143 539 3210 proiecto
559 3142 623 3193 dum
637 3139 708 3206 pede
726 3137 802 3186 laevo

115 3220 204 3286 Aptat
222 3234 251 3271 se
267 3235 382 3286 pugnae,
402 3217 476 3271 subit
494 3231 556 3268 oras
574 3215 653 3265 hasta
670 3225 719 3276 per
737 3210 805 3259 inias
