2174 3502
21 3254 79 3266 ⁴

92 144 139 190 202
323 139 352 187 P.
371 138 524 187 VERGILI
541 137 708 186 MARONIS

87 222 247 275 concretam
266 220 367 272 exemit
384 219 482 284 labem,
499 234 655 286 purumque
673 217 804 287 relinquit

87 297 248 351 aetherium
266 313 375 350 sensum
394 304 477 364 atque
494 295 570 348 aurai
589 295 718 364 simplicis
736 295 836 363 ignem.

87 375 145 427 llas
163 373 257 439 omnis,
276 373 322 425 ubi
341 371 415 425 mille
433 377 523 426 rotam
541 372 650 425 volvere
669 389 720 441 per
738 388 830 440 annos,

86 450 235 503 Lethaeum
255 449 289 501 ad
308 448 418 501 fluvium
437 449 505 502 deus
524 453 619 502 evocat
637 450 746 517 agmine
764 464 872 516 magno,

85 527 193 579 Scilicet
209 526 372 578 inmemores
390 541 489 594 supera
507 531 539 578 ut
557 541 679 579 convexa
697 527 819 579 revisant
907 540 947 580 rao

86 602 190 656 ltursus
208 607 237 655 et
254 602 384 669 incipiant
402 603 430 654 in
449 619 562 670 corpora
580 603 650 655 velle
668 603 778 655 reverti.

120 679 234 732 Dixerat
254 677 393 742 Anchises,
412 683 564 746 natumque
582 695 691 747 unaque
711 678 842 746 Sibyllam

86 755 240 808 Conventus
258 754 344 808 trahit
362 754 389 807 in
409 755 514 807 medios
532 755 697 822 turbamque
716 759 865 822 sonantem,

84 831 121 884 llt
140 831 273 884 tumulum
293 831 373 899 capit,
392 831 466 884 unde
484 832 571 884 omnis
588 831 669 898 longo
688 831 784 884 ordine
801 832 888 900 possit

85 908 223 960 Adversos
241 907 340 975 legere,
359 911 387 960 et
405 908 560 960 venientum
579 907 686 961 discere
704 907 800 962 voltus.
905 922 943 962 :aa

119 984 144 1035 N
148 1000 198 1036 une
216 1001 272 1050 age,
294 983 457 1035 llnnluniam
476 984 580 1051 prolem
598 1000 668 1050 quae
687 983 786 1036 deinde
807 991 942 1052 sequatur

85 1060 185 1126 Gloria,
204 1061 250 1128 qui
270 1064 396 1112 umneant
416 1059 487 1111 ltala
504 1059 540 1112 de
558 1064 640 1127 gente
658 1064 780 1128 nepotes,

87 1136 213 1188 Inlustris
231 1136 333 1188 aninms
350 1145 527 1202 nostrumque
545 1137 573 1188 in
591 1153 689 1189 nomen
706 1137 800 1204 ituras,

85 1212 235 1281 llnpediam
254 1212 342 1276 dietis,
361 1216 390 1264 et
408 1215 437 1265 te
455 1217 503 1265 tua
520 1213 578 1265 fata
596 1212 706 1266 docebo.

87 1288 144 1352 llle,
163 1288 246 1354 vides,
264 1305 334 1355 pura
352 1288 456 1340 iuvenis
474 1289 521 1356 qui
539 1288 635 1342 nititur
653 1289 739 1354 hasta,
902 1304 941 1342 ree

88 1364 221 1417 l'roxuma
239 1367 312 1416 sorte
330 1368 407 1417 tenet
425 1364 492 1418 lucis
510 1366 575 1432 loca,
594 1366 697 1434 primus
715 1365 751 1419 ad
769 1382 849 1418 auras
870 1376 873 1382 '

86 1440 232 1492 Aetherias
251 1440 323 1493 ltalo
341 1441 504 1494 commixtus
523 1442 653 1509 sanguine
672 1446 774 1509 surget,

85 1515 190 1581 Silvius,
210 1515 347 1568 Albanum
365 1532 472 1582 nomen,
490 1521 539 1571 tua
556 1523 683 1586 postuma
700 1518 797 1586 proles,

85 1591 171 1652 Quem
190 1591 242 1644 tibi
260 1591 391 1658 longaevo
411 1609 501 1646 serum
522 1594 635 1647 Lavinia
652 1595 769 1648 coniunx

85 1666 192 1720 lldueet
210 1667 283 1720 silvis
302 1685 395 1736 regem
414 1685 564 1738 regumque
582 1674 731 1738 parentem,
901 1684 939 1725 tet

86 1742 165 1797 Unde
183 1759 268 1812 genus
288 1743 382 1812 Longa
400 1750 522 1799 nostrum
542 1746 728 1800 dominabitur
747 1745 825 1800 Alba.

88 1819 236 1873 l'roxumus
254 1821 299 1873 ille
319 1821 425 1887 Procas,
445 1822 576 1876 Troianae
594 1823 680 1890 gloria
697 1821 793 1889 gentis,

86 1895 121 1947 lit
140 1897 234 1964 Capys,
254 1901 282 1950 at
301 1897 436 1964 Numitor,
457 1902 486 1951 et
504 1900 550 1966 qui
568 1902 598 1952 te
616 1899 725 1952 nemine
744 1899 844 1953 reddet

85 1971 182 2024 Silvius
202 1976 318 2038 Aeneae,
337 1975 442 2041 pariter
460 1975 564 2042 pietate
581 1975 624 2028 vel
641 1974 725 2028 armis

85 2047 225 2115 Egregius
238 2050 260 2101 si
272 2065 400 2117 umquam
414 2051 580 2118 regnandam
593 2051 729 2119 acceperit
743 2050 850 2106 Albam.
900 2067 938 2108 77⁰
968 2052 972 2060 ’

85 2122 136 2184 Qui
154 2125 276 2179 iuvenes!
297 2130 413 2192 quantas
432 2131 578 2195 ostentant,
597 2128 695 2195 aspice,
713 2127 789 2194 viris,-

85 2200 179 2268 Atque
197 2201 323 2255 umbrata
340 2207 439 2268 gerunt
456 2203 526 2257 civili
544 2208 668 2272 tempora
685 2208 803 2271 quercu!

85 2274 124 2326 lli
141 2276 191 2328 tibi
210 2277 376 2332 Nomentum
394 2283 423 2332 ct
442 2281 542 2333 Gabios
560 2281 712 2348 urbemque
731 2279 872 2344 Fidenam,

85 2349 123 2402 Hi
143 2352 288 2406 Collatinas
306 2354 436 2422 inponent
453 2357 589 2410 montibus
607 2373 691 2423 arces,

85 2427 221 2480 Pometios
241 2429 422 2498 Castrumque
442 2433 503 2486 Inui
523 2433 675 2502 Bolamque
693 2433 853 2500 Coramque.
900 2451 936 2488 rra

85 2504 161 2556 llaec
173 2507 232 2556 tum
245 2505 353 2558 nomina
366 2513 455 2575 erunt,
468 2525 539 2563 nune
552 2513 616 2562 snut
628 2509 686 2562 siue
699 2509 807 2561 nomine
819 2515 919 2564 terrae.

84 2581 155 2643 Quin
174 2584 202 2633 et
220 2597 270 2633 avo
288 2583 414 2637 comitem
434 2601 493 2638 sese
513 2585 664 2640 Mavortius
682 2584 768 2638 addet

85 2655 222 2721 ltomulus,
243 2657 369 2711 Assaraci
387 2677 468 2728 quem
487 2662 625 2729 sanguinis
645 2661 697 2714 Ilia
715 2666 803 2714 mater

84 2729 195 2784 Educet.
234 2731 339 2798 Viden',
357 2739 389 2788 ut
406 2737 531 2804 geminae
549 2741 624 2791 stant
641 2737 743 2791 vertice
761 2738 866 2803 cristae,

84 2807 120 2860 m
136 2810 216 2874 pater
234 2806 294 2874 ipse
312 2825 360 2862 sno
378 2829 505 2880 superum
523 2813 577 2866 iam
596 2815 684 2882 signat
701 2813 819 2868 honoret
899 2829 937 2870 reo

84 2882 132 2946 En,
150 2883 237 2946 huius,
256 2887 327 2948 nate,
347 2889 472 2955 auspiciis
490 2889 536 2941 illa
554 2890 655 2942 incluta
674 2890 762 2942 Roma

84 2954 223 3020 Inperium
242 2959 331 3022 terris,
349 2963 452 3013 animos
471 2964 599 3029 aequabit
618 2963 740 3033 OlympO,

84 3025 250 3095 Septemque
268 3047 322 3085 una
340 3036 391 3087 sibi
409 3052 486 3089 muro
504 3039 684 3093 circumdabit
701 3056 785 3106 arces,

84 3098 161 3149 Felix
179 3102 254 3164 mole
272 3108 374 3163 virum:
392 3112 480 3177 qualis
498 3113 661 3182 Berecyntia
677 3119 768 3170 mater

85 3170 227 3222 Invehitur
244 3190 325 3232 curru
346 3183 476 3251 Phrygias
494 3188 594 3240 turrita
611 3205 662 3256 per
679 3191 770 3258 urbes,
899 3207 937 3250 res
