2172 3506
388 143 572 192 AENEIDOS
590 145 658 194 LIB.
678 147 742 194 XlI.
941 153 989 201 329

132 220 293 288 vestigavit
311 238 383 290 apes,
402 225 533 292 fumoque.
547 225 661 293 inplevit
679 243 785 292 aviraro;

132 298 207 351 Illae
224 299 298 351 intus
315 299 440 368 trepidae
457 317 548 353 rerum
566 318 616 369 per
634 319 712 356 cerea
730 308 818 358 castre

133 376 309 442 Discurrunt,
328 377 488 445 magnisque
505 382 605 432 acuum
623 378 786 433 stridoribus
804 381 858 434 iras
868 403 875 446 3
953 398 989 436 eso

132 452 265 504 Volvitur
282 455 342 505 ater
360 452 428 505 odor
446 454 543 518 teetis;
562 458 621 508 tum
639 472 777 510 murmure
796 474 874 511 caeco

134 529 219 582 Intus
238 545 303 582 saxa
321 534 434 594 sonant;
453 546 551 582 vacuas
569 531 591 583 it
610 532 700 584 sumus
718 533 753 585 ad
772 550 888 595 amase

174 605 284 659 Accidit
302 605 368 658 haec
385 605 464 658 fessis
483 606 565 659 etiam
584 608 693 661 fortuna
713 608 823 676 Latinis,
888 596 893 608 ⁷

136 681 214 745 Quae
232 685 319 734 totam
337 681 411 734 luctu
430 683 564 736 concussit
583 683 706 737 funditus
724 685 826 738 urbem.

137 757 244 824 Regina
262 761 294 810 ut
311 758 392 810 tectis
410 758 563 811 venientem
582 760 713 827 prospicit
731 760 844 826 hostem,
954 778 989 815 aaa

137 833 241 886 incessi
259 850 358 899 muros,
377 833 447 901 ignis
464 833 500 886 ad
517 838 592 888 tecta
610 835 707 902 volare,

137 909 280 976 Nusquam
298 909 370 962 acies
388 913 483 963 contra
501 910 623 976 Rutulas,
643 911 717 965 nulla
734 914 842 980 agmina
860 915 961 966 lunii:

138 985 237 1038 Infelix
256 1001 363 1052 pugnae
380 986 505 1038 invenem
524 987 551 1038 in
571 989 719 1041 certamine
737 989 824 1043 credit

137 1061 372 1128 Exstinctum,·et,
391 1060 481 1114 subito
500 1066 619 1116 mentem
639 1063 751 1116 turbata
770 1063 869 1133 dolore,

137 1138 173 1190 Se
191 1154 311 1191 caussam
330 1137 430 1190 clamat
446 1138 602 1206 crimenque
621 1143 756 1207 caputque
774 1141 912 1204 malorum,
952 1159 988 1194 aa

138 1214 281 1281 Multaque
298 1229 349 1280 per
366 1219 501 1268 maestum
521 1213 634 1267 demens
654 1214 734 1268 effata
751 1215 875 1281 furorem,

137 1290 292 1357 Purpureos
311 1289 442 1342 moritura
460 1307 542 1343 manu
562 1289 691 1342 discindit
704 1293 824 1357 amictus,

137 1366 173 1419 lit
191 1365 292 1418 nodum
310 1366 430 1418 informis
447 1365 496 1419 leti
514 1364 593 1418 trabe
613 1366 697 1418 nectit
716 1365 750 1418 ab
768 1366 829 1420 alta

137 1443 225 1507 Quam
243 1441 349 1496 cladem
366 1442 481 1495 miserae
500 1446 643 1510 postquam
662 1459 790 1510 accepere
811 1443 928 1505 Latinae,

139 1518 208 1570 lilia
225 1519 313 1586 prima
331 1535 413 1571 mauu
431 1517 514 1570 flavos
534 1517 647 1570 Lavinia
667 1518 746 1570 crime
952 1533 987 1570 eos

139 1594 174 1647 Et
191 1611 281 1647 roseas
297 1595 400 1647 laniata
417 1609 508 1661 genas,
527 1599 586 1647 tum
605 1598 698 1647 cetera
716 1594 814 1647 circuni

138 1670 228 1722 Turba
241 1670 328 1735 lurit;
347 1673 474 1724 resonant
492 1670 548 1724 late
567 1671 742 1738 plangoribus
760 1670 848 1724 aedes.

140 1747 211 1799 Hinc
229 1749 315 1800 totam
333 1746 428 1799 infelix
446 1746 571 1812 volgatur
590 1746 662 1797 fairra
680 1763 730 1813 per
747 1745 849 1797 urbem.

138 1822 295 1875 Demittunt
311 1827 431 1887 mentes;
449 1822 472 1874 it
490 1821 573 1874 scissa
592 1824 669 1874 veste
688 1820 807 1885 Latinus,

138 1898 266 1966 Coniugis
283 1899 416 1952 attonitus
433 1898 497 1952 latis
517 1897 647 1965 urbisque
667 1896 752 1960 ruina,
952 1910 988 1949 tro

138 1974 271 2027 Canitiem
288 1974 417 2027 inmundo
435 1975 573 2042 perfusam
593 1973 705 2042 pulvere
723 1976 836 2039 turpans

137 2049 292 2117 [Multaque
310 2067 339 2103 se
356 2049 470 2116 incusat,
490 2050 536 2116 qui
555 2066 607 2102 non
627 2047 763 2116 acceperit
780 2050 843 2099 autc

26 2145 32 2158 ·
140 2125 305 2178 Dardanium
325 2129 446 2192 Aenean,
465 2141 650 2192 generumque
674 2123 820 2176 adsciverit
837 2123 928 2190 ultro}

172 2202 283 2254 Interea
300 2208 423 2256 extremo
442 2201 557 2254 bellator
576 2200 603 2252 in
624 2215 743 2266 aequore
763 2198 868 2250 Turnus
932 2231 935 2240 ι

139 2278 258 2331 Palantia
277 2279 399 2346 sequitur
417 2294 516 2345 paucos
535 2277 589 2330 iam
611 2276 726 2343 segnior,
746 2279 828 2342 atrluo
955 2289 990 2326 eis
1071 2297 1074 2304 ·

139 2355 197 2407 lam
215 2355 304 2407 minus
322 2359 405 2422 atrlue
423 2354 511 2406 minus
532 2369 657 2406 successu
670 2352 758 2406 laetus
776 2367 912 2419 equorum.

141 2431 242 2484 Attulit
259 2430 330 2484 hunc
347 2427 390 2481 illi
411 2431 498 2484 caeeis
517 2429 670 2484 terroribus
691 2445 757 2481 aura

138 2506 321 2559 commixtum
339 2507 491 2574 clamorem,
510 2510 686 2571 arrectasque
707 2504 805 2571 inpulit
823 2504 895 2556 auris

139 2581 272 2635 Confusos
291 2599 372 2635 sonus
389 2581 466 2635 urbis
484 2586 514 2635 et
532 2578 690 2634 inlaetabile
711 2594 841 2630 murmur.

142 2657 193 2710 Hei
212 2658 293 2712 milvi!
314 2659 380 2726 quid
398 2662 476 2712 tauto
494 2657 641 2710 turbantur
664 2654 770 2707 moenia
787 2654 882 2706 luctui
957 2668 990 2704 aa

139 2733 238 2796 Quisve
256 2734 312 2788 ruit
329 2738 424 2788 tantus
442 2734 549 2788 diversa
570 2732 671 2785 clamor
691 2730 726 2783 ab
744 2729 831 2784 urboi

139 2808 181 2862 Sic
199 2809 246 2875 ait,
265 2809 446 2879 adductisque
467 2826 559 2862 uniens
580 2807 705 2861 subsistit
724 2805 843 2859 habenis.

141 2887 232 2954 Atque
250 2885 320 2952 huic,
337 2887 365 2939 in
386 2886 482 2938 faciem
501 2902 577 2938 soror
594 2887 627 2937 ut
645 2898 775 2936 conversa
794 2879 901 2932 Metisci

141 2962 262 3028 Aurigae
283 2979 449 3029 currumque
467 2965 496 3014 et
514 2977 598 3028 equos
616 2963 646 3012 et
662 2959 719 3011 lora
740 2955 859 3024 regebat,

139 3037 248 3090 Talibus
268 3038 387 3090 occurrit
404 3036 500 3090 dictis:
521 3037 588 3100 Hae,
607 3035 703 3098 Turne,
725 3047 871 3099 sequamur
956 3043 992 3082 aaa

139 3113 312 3180 Troiugenas,
332 3129 387 3180 qua
404 3111 490 3180 prium
510 3113 580 3165 viam
598 3109 710 3164 victoria
727 3107 841 3176 pandit;

139 3178 282 3252 Sun‘t'alii,
301 3189 348 3255 qni
366 3190 441 3240 tecta
459 3203 539 3239 vivona
558 3185 705 3238 defendere
722 3182 833 3251 possint.
