2154 3518
124 136 155 181 22
354 132 380 180 Ρ,
408 131 559 178 VERGILI
582 123 758 178 MARONIs'
854 157 855 160 =

125 212 210 264 Venit
227 215 257 265 et
275 210 378 278 agresti
396 209 494 278 capitis
514 208 637 262 Silvanus
656 208 767 276 honore,
786 241 789 245 ·

125 287 263 341 Florentia
280 285 382 338 ferulas
400 289 429 338 et
446 284 562 352 grandia
580 284 636 337 lilia
654 301 793 352 quassans.
958 303 984 342 as

125 365 182 418 Pan
200 363 269 415 deus
289 361 426 415 Arcadiae
444 361 525 428 venit,
545 376 627 428 quem
645 360 763 414 vidimus
781 361 833 430 ipsi

124 438 283 508 Sanguineis
302 437 375 491 ebuli
394 436 468 490 bacis
487 437 626 506 minioque
646 432 798 490 rubentem.

124 516 225 585 Ecquis
242 515 296 568 erit
314 514 429 566 modusl
448 513 553 581 inquit3
579 517 665 566 Amor
684 529 737 566 non
755 514 822 567 talia
839 518 929 578 cnrat3

123 594 149 646 N
151 610 182 647 ec
199 591 317 645 lacrimis
335 589 453 645 erudelis
474 591 568 655 Amor,
590 606 640 642 nee
658 589 782 656 gramina
798 590 870 656 rivis7

123 671 181 724 Nec
199 669 284 738 cytiso
303 670 461 723 saturantur
481 684 553 737 apes,
573 683 623 721 uec
642 666 740 720 fronde
758 667 883 737 capehae.
958 684 985 723 so

123 745 219 798 Tristis
236 745 342 798 atille:
366 744 466 797 'lamen
487 743 640 809 cantabitis,
662 744 793 811 Arcades,
811 744 907 811 inquit,

124 821 264 875 Montibus
282 821 348 874 haec
367 821 479 874 vestris:
501 819 551 872 soli
570 823 682 873 cantare
699 819 782 887 periti

124 897 254 950 Arcades.
293 895 315 948 Ο
335 895 400 948 mihi
419 899 478 948 tum
497 910 580 964 quam
599 895 720 949 molliter
737 913 799 950 ossa
816 897 969 966 quieseant,

123 973 224 1027 Vestra
243 990 317 1026 meos
337 972 400 1025 olim
421 972 442 1024 si
461 971 554 1025 fistula
573 972 647 1026 dicat
665 977 784 1026 amores!

123 1050 216 1118 Atque
235 1049 340 1102 utinam
359 1065 393 1101 ex
411 1047 487 1100 vobis
506 1065 582 1114 unus,
605 1049 746 1116 vestrique
763 1048 873 1101 finissem
956 1066 982 1104 ae

123 1126 182 1179 Aut
200 1129 291 1179 custos
309 1125 408 1192 gregis,
428 1127 476 1177 aut
494 1129 619 1178 maturae
639 1123 740 1184 vinitor
757 1129 839 1177 uvae!

123 1201 212 1270 Certe,
230 1201 287 1255 sive
306 1200 372 1253 mihi
394 1200 503 1269 Phyllis,
524 1200 580 1254 sive
599 1203 673 1254 essct
694 1203 834 1268 Amyntas,

123 1277 177 1330 Seu
195 1277 359 1346 quicumque
374 1275 559 1344 furca-quid
574 1278 641 1346 tum,
658 1276 680 1328 si
696 1276 788 1328 fuscus
803 1277 958 1340 Amyntas?

123 1354 159 1406 llt
177 1354 271 1421 nigrae
289 1352 376 1406 violae
396 1355 460 1405 sunt
478 1356 507 1406 ct
525 1352 643 1405 vaccinia
660 1352 773 1419 nigra-

123 1430 231 1483 Meeum
249 1429 322 1482 inter
340 1430 435 1482 salices
453 1427 527 1481 lenta
547 1428 597 1481 sub
616 1429 671 1482 vito
688 1427 807 1494 iaceret;
952 1443 979 1483 sc

106 1505 203 1575 vSerta
220 1503 286 1556 mihi
306 1504 407 1572 Phyllis
425 1503 538 1569 legeret,
558 1508 682 1567 cantaret
702 1505 842 1572 Amyntas.

122 1580 176 1633 Hic
194 1579 279 1648 gelidi
297 1579 391 1644 sontes,
409 1579 453 1632 hic
473 1578 564 1632 mollia
582 1583 668 1647 prata,
687 1580 789 1647 Lycen,

123 1655 177 1710 Hie
194 1672 305 1720 nemus;
326 1655 370 1708 hic
387 1656 446 1722 ipso
465 1660 556 1708 tecum
575 1671 749 1709 consumerer
766 1673 841 1710 aevo.

122 1732 201 1785 Nunc
219 1732 328 1784 insanus
346 1748 422 1784 emor
441 1730 502 1783 duri
521 1747 564 1783 me
584 1731 688 1796 Martis
702 1732 729 1784 in
748 1734 831 1786 armis

23 1839 26 1844 -
122 1807 186 1860 Tela
203 1809 276 1860 inter
294 1807 387 1863 media
405 1810 488 1874 atque
507 1807 636 1860 adversos
657 1807 763 1861 detinet
782 1808 879 1862 hostis:
949 1824 976 1864 se

121 1884 161 1936 ‘Pu
179 1883 272 1952 procul
290 1900 306 1936 a
323 1884 499 1953 patria-nec
518 1882 554 1935 sit·
572 1885 637 1936 nrihi
658 1885 772 1938 credero
790 1889 951 1938 tantum!-

121 1958 244 2027 Alpinas‚
263 1959 297 2012 ah
315 1960 392 2026 dura,
411 1959 488 2012 nives
507 1963 535 2012 ct
554 1959 656 2027 frigora
677 1960 765 2014 Rheni

121 2034 168 2088 Me
187 2036 244 2089 sine
262 2036 319 2089 sola
336 2035 419 2090 vides.
457 2036 511 2104 Ah,
529 2040 557 2090 te
575 2054 610 2090 ne
629 2037 731 2105 frigora
749 2038 873 2092 laedant!

122 2111 174 2179 Ah,
192 2112 243 2165 tibi
261 2129 295 2166 ne
313 2117 422 2166 teneras
439 2113 539 2181 glacies
558 2118 631 2168 secet
650 2131 746 2182 aspera
764 2114 885 2182 plantas!

121 2187 179 2253 Ibo,
199 2193 234 2256 et,
254 2188 408 2242 Chalcidico
428 2207 498 2257 quae
517 2193 580 2242 sunt
599 2189 665 2242 mihi
684 2191 793 2244 condita
811 2205 891 2244 versu
949 2206 976 2246 σο

121 2265 254 2331 Carmina,
272 2265 389 2333 pastoris
409 2265 491 2317 Siculi
509 2263 668 2316 modulabor
686 2283 779 2320 avena.

121 2340 233 2394 Certum
252 2339 340 2393 estin
359 2338 433 2391 silvis
451 2339 523 2391 inter
542 2338 650 2406 spelaea
668 2340 788 2392 ferarum

121 2416 204 2468 llalle
222 2416 280 2484 pati
297 2415 454 2482 tenerisque
472 2429 546 2466 meos
564 2413 685 2466 incidere
705 2429 810 2468 amores

121 2491 290 2556 Arboribus3
310 2493 433 2544 crescent
450 2489 520 2556 illae,
540 2491 676 2556 crescens,
696 2507 809 2543 amores.

123 2569 233 2620 Interea
250 2568 343 2621 mixtis
361 2565 483 2620 lustrabo
502 2565 628 2619 Maenala
647 2565 786 2634 Nymphis,

124 2646 181 2696 Aut
199 2644 268 2696 acris
286 2642 406 2696 venabor
423 2659 509 2711 apros.
548 2641 573 2694 N
576 2658 610 2693 cn
628 2658 672 2694 me
690 2640 744 2694 ulla
762 2639 895 2694 vetabunt

122 2719 236 2786 Frigora
255 2718 414 2772 Parthenios
433 2718 544 2771 canibus
564 2718 732 2770 circumdare
751 2718 841 2770 saltus.

122 2794 181 2848 Iam
200 2795 265 2847 mihi
283 2812 333 2863 per
350 2811 432 2864 rupes
452 2794 547 2847 videor
565 2794 695 2864 lucosque
715 2795 834 2848 sonantis

124 2871 183 2935 lre;
204 2871 272 2924 libet
292 2871 393 2924 Partho
411 2868 541 2939 torquere
559 2870 680 2938 Cydonia
698 2888 782 2926 cornu

123 2946 424 3014 Spicula-Tamquam
438 2945 505 3016 haee
520 2948 556 2999 sit
571 2949 657 3000 nostri
674 2949 808 3002 medicina
820 2949 929 3016 furoris,
948 2963 972 3000 oo

124 3021 182 3072 Aut
199 3021 267 3074 deus
284 3020 330 3074 ille
347 3021 425 3074 malis
442 3021 580 3074 honrinum
599 3024 742 3078 mitescere
761 3025 863 3078 diseat!

124 3095 184 3160 lam
201 3112 291 3165 neque
310 3096 517 3166 Hamadryades
535 3115 629 3150 rursus
647 3117 696 3154 nec
715 3101 835 3154 carmina
852 3097 930 3162 nobis

124 3169 189 3238 ipsa
205 3172 328 3240 placent3
349 3173 424 3241 ipsae
442 3189 535 3226 rursus
552 3175 693 3230 concedite
712 3177 802 3231 silvae.
