<?xml version="1.0" encoding="UTF-8"?>
<!DOCTYPE html PUBLIC "-//W3C//DTD XHTML 1.0 Transitional//EN"
    "http://www.w3.org/TR/xhtml1/DTD/xhtml1-transitional.dtd">
<html xmlns="http://www.w3.org/1999/xhtml" xml:lang="en" lang="en">
 <head>
  <title>
</title>
<meta http-equiv="Content-Type" content="text/html;charset=utf-8" />
  <meta name='ocr-system' content='tesseract 3.04.00' />
  <meta name='ocr-capabilities' content='ocr_page ocr_carea ocr_par ocr_line ocrx_word'/>
</head>
<body>
  <div class='ocr_page' id='page_1' title='image "./operaexrecensio03virggoog_0118.png"; bbox 0 0 2152 3506; ppageno 0'>
   <div class='ocr_carea' id='block_1_1' title="bbox 123 165 752 220">
    <p class='ocr_par' dir='ltr' id='par_1_1' title="bbox 123 165 752 220">
     <span class='ocr_line' id='line_1_1' title="bbox 123 165 752 220; baseline -0.013 0"><span class='ocrx_word' id='word_1_1' title='bbox 123 175 169 220; x_wconf 79' lang='lat'><strong>104</strong></span> <span class='ocrx_word' id='word_1_2' title='bbox 365 169 394 216; x_wconf 81' lang='lat' dir='ltr'><strong>P.</strong></span> <span class='ocrx_word' id='word_1_3' title='bbox 414 166 566 214; x_wconf 78' lang='lat' dir='ltr'><strong>VERGILl</strong></span> <span class='ocrx_word' id='word_1_4' title='bbox 585 165 752 212; x_wconf 82' lang='lat' dir='ltr'><strong>MARONIS</strong></span> 
     </span>
    </p>
   </div>
   <div class='ocr_carea' id='block_1_2' title="bbox 123 244 987 622">
    <p class='ocr_par' dir='ltr' id='par_1_2' title="bbox 123 244 987 622">
     <span class='ocr_line' id='line_1_2' title="bbox 123 244 960 316; baseline 0.002 -13"><span class='ocrx_word' id='word_1_5' title='bbox 123 249 255 303; x_wconf 81' lang='lat' dir='ltr'><strong>Constitit</strong></span> <span class='ocrx_word' id='word_1_6' title='bbox 274 253 357 314; x_wconf 87' lang='lat' dir='ltr'><strong>atque</strong></span> <span class='ocrx_word' id='word_1_7' title='bbox 376 245 461 299; x_wconf 88' lang='lat' dir='ltr'><strong>oeulis</strong></span> <span class='ocrx_word' id='word_1_8' title='bbox 481 245 600 313; x_wconf 76' lang='lat' dir='ltr'><strong>Phrygia</strong></span> <span class='ocrx_word' id='word_1_9' title='bbox 617 244 727 312; x_wconf 80' lang='lat' dir='ltr'>agmina</span> <span class='ocrx_word' id='word_1_10' title='bbox 744 245 960 316; x_wconf 79' lang='lat' dir='ltr'><strong>circumspexit:</strong></span> 
     </span>
     <span class='ocr_line' id='line_1_3' title="bbox 123 323 977 393; baseline 0.001 -14"><span class='ocrx_word' id='word_1_11' title='bbox 123 327 194 393; x_wconf 87' lang='lat' dir='ltr'>Heu,</span> <span class='ocrx_word' id='word_1_12' title='bbox 208 341 278 392; x_wconf 87' lang='lat' dir='ltr'><strong>quae</strong></span> <span class='ocrx_word' id='word_1_13' title='bbox 290 341 361 376; x_wconf 90' lang='lat' dir='ltr'><strong>nuuc</strong></span> <span class='ocrx_word' id='word_1_14' title='bbox 375 323 464 390; x_wconf 86' lang='lat' dir='ltr'><strong>tellus,</strong></span> <span class='ocrx_word' id='word_1_15' title='bbox 477 323 574 390; x_wconf 88' lang='lat' dir='ltr'><strong>inquit,</strong></span> <span class='ocrx_word' id='word_1_16' title='bbox 588 339 659 390; x_wconf 90' lang='lat' dir='ltr'><strong>quae</strong></span> <span class='ocrx_word' id='word_1_17' title='bbox 671 339 716 376; x_wconf 92' lang='lat' dir='ltr'><strong>me</strong></span> <span class='ocrx_word' id='word_1_18' title='bbox 725 339 847 391; x_wconf 88' lang='lat' dir='ltr'><strong>aequora</strong></span> <span class='ocrx_word' id='word_1_19' title='bbox 855 330 977 392; x_wconf 88' lang='lat' dir='ltr'><strong>possunt</strong></span> 
     </span>
     <span class='ocr_line' id='line_1_4' title="bbox 124 399 987 470; baseline 0 -14"><span class='ocrx_word' id='word_1_20' title='bbox 124 403 276 470; x_wconf 77' lang='lat' dir='ltr'><strong>Acciperet</strong></span> <span class='ocrx_word' id='word_1_21' title='bbox 296 405 344 453; x_wconf 90' lang='lat' dir='ltr'><strong>aut</strong></span> <span class='ocrx_word' id='word_1_22' title='bbox 357 399 424 469; x_wconf 93' lang='lat' dir='ltr'><strong>quid</strong></span> <span class='ocrx_word' id='word_1_23' title='bbox 437 400 491 452; x_wconf 89' lang='lat' dir='ltr'><strong>iam</strong></span> <span class='ocrx_word' id='word_1_24' title='bbox 504 400 604 453; x_wconf 86' lang='lat' dir='ltr'><strong>misero</strong></span> <span class='ocrx_word' id='word_1_25' title='bbox 617 399 684 452; x_wconf 87' lang='lat' dir='ltr'><strong>mihi</strong></span> <span class='ocrx_word' id='word_1_26' title='bbox 697 400 818 468; x_wconf 86' lang='lat' dir='ltr'><strong>denique</strong></span> <span class='ocrx_word' id='word_1_27' title='bbox 831 405 932 468; x_wconf 86' lang='lat' dir='ltr'><strong>restat,</strong></span> <span class='ocrx_word' id='word_1_28' title='bbox 963 418 987 458; x_wconf 78' lang='lat' dir='ltr'><strong>to</strong></span> 
     </span>
     <span class='ocr_line' id='line_1_5' title="bbox 123 475 961 548; baseline 0 -16"><span class='ocrx_word' id='word_1_29' title='bbox 123 479 174 533; x_wconf 83' lang='lat' dir='ltr'><strong>Cui</strong></span> <span class='ocrx_word' id='word_1_30' title='bbox 192 494 282 546; x_wconf 88' lang='lat' dir='ltr'><strong>neque</strong></span> <span class='ocrx_word' id='word_1_31' title='bbox 301 477 375 545; x_wconf 90' lang='lat' dir='ltr'><strong>apud</strong></span> <span class='ocrx_word' id='word_1_32' title='bbox 394 476 504 530; x_wconf 85' lang='lat' dir='ltr'><strong>Danaos</strong></span> <span class='ocrx_word' id='word_1_33' title='bbox 522 493 637 544; x_wconf 81' lang='lat' dir='ltr'>usquam</span> <span class='ocrx_word' id='word_1_34' title='bbox 657 475 741 543; x_wconf 86' lang='lat' dir='ltr'><strong>locus,</strong></span> <span class='ocrx_word' id='word_1_35' title='bbox 756 479 784 530; x_wconf 87' lang='lat' dir='ltr'><strong>et</strong></span> <span class='ocrx_word' id='word_1_36' title='bbox 802 494 887 546; x_wconf 89' lang='lat' dir='ltr'><strong>super</strong></span> <span class='ocrx_word' id='word_1_37' title='bbox 905 479 961 548; x_wconf 86' lang='lat' dir='ltr'><strong>ipsi</strong></span> 
     </span>
     <span class='ocr_line' id='line_1_6' title="bbox 124 552 925 622; baseline 0 -13"><span class='ocrx_word' id='word_1_38' title='bbox 124 554 298 609; x_wconf 78' lang='lat' dir='ltr'><strong>Dardanidae</strong></span> <span class='ocrx_word' id='word_1_39' title='bbox 315 553 412 606; x_wconf 85' lang='lat' dir='ltr'><strong>infensi</strong></span> <span class='ocrx_word' id='word_1_40' title='bbox 431 569 532 622; x_wconf 87' lang='lat' dir='ltr'><strong>poenas</strong></span> <span class='ocrx_word' id='word_1_41' title='bbox 550 570 612 606; x_wconf 91' lang='lat' dir='ltr'><strong>eum</strong></span> <span class='ocrx_word' id='word_1_42' title='bbox 632 552 768 620; x_wconf 85' lang='lat' dir='ltr'><strong>sanguine</strong></span> <span class='ocrx_word' id='word_1_43' title='bbox 786 558 925 622; x_wconf 85' lang='lat' dir='ltr'><strong>poscuutl</strong></span> 
     </span>
    </p>
   </div>
   <div class='ocr_carea' id='block_1_3' title="bbox 18 629 906 700">
    <p class='ocr_par' dir='ltr' id='par_1_3' title="bbox 18 629 906 700">
     <span class='ocr_line' id='line_1_7' title="bbox 18 629 906 700; baseline -0.002 -14"><span class='ocrx_word' id='word_1_44' title='bbox 18 633 22 640; x_wconf 89' lang='lat'>&#39;</span> <span class='ocrx_word' id='word_1_45' title='bbox 123 633 182 697; x_wconf 83' lang='lat' dir='ltr'><strong>Quo</strong></span> <span class='ocrx_word' id='word_1_46' title='bbox 200 632 306 700; x_wconf 86' lang='lat' dir='ltr'><strong>gemitu</strong></span> <span class='ocrx_word' id='word_1_47' title='bbox 323 631 446 684; x_wconf 88' lang='lat' dir='ltr'><strong>conversi</strong></span> <span class='ocrx_word' id='word_1_48' title='bbox 463 629 554 698; x_wconf 87' lang='lat' dir='ltr'><strong>animi,</strong></span> <span class='ocrx_word' id='word_1_49' title='bbox 572 646 749 699; x_wconf 86' lang='lat' dir='ltr'><strong>compressus</strong></span> <span class='ocrx_word' id='word_1_50' title='bbox 767 633 798 683; x_wconf 91' lang='lat' dir='ltr'><strong>et</strong></span> <span class='ocrx_word' id='word_1_51' title='bbox 815 632 906 684; x_wconf 86' lang='lat' dir='ltr'><strong>omnis</strong></span> 
     </span>
    </p>
   </div>
   <div class='ocr_carea' id='block_1_4' title="bbox 123 705 988 1158">
    <p class='ocr_par' dir='ltr' id='par_1_4' title="bbox 123 705 877 931">
     <span class='ocr_line' id='line_1_8' title="bbox 124 705 877 777; baseline -0.003 -16"><span class='ocrx_word' id='word_1_52' title='bbox 124 709 254 777; x_wconf 75' lang='lat' dir='ltr'><strong>Impetus.</strong></span> <span class='ocrx_word' id='word_1_53' title='bbox 293 708 444 760; x_wconf 82' lang='lat' dir='ltr'><strong>Hortamur</strong></span> <span class='ocrx_word' id='word_1_54' title='bbox 462 705 530 772; x_wconf 77' lang='lat' dir='ltr'><strong>fari3</strong></span> <span class='ocrx_word' id='word_1_55' title='bbox 551 723 605 774; x_wconf 93' lang='lat' dir='ltr'><strong>quo</strong></span> <span class='ocrx_word' id='word_1_56' title='bbox 624 706 759 774; x_wconf 79' lang='lat' dir='ltr'><strong>sanguine</strong></span> <span class='ocrx_word' id='word_1_57' title='bbox 777 711 877 773; x_wconf 86' lang='lat' dir='ltr'><strong>cretus,</strong></span> 
     </span>
     <span class='ocr_line' id='line_1_9' title="bbox 124 782 858 852; baseline -0.005 -14"><span class='ocrx_word' id='word_1_58' title='bbox 124 785 230 849; x_wconf 84' lang='lat' dir='ltr'><strong>Quidve</strong></span> <span class='ocrx_word' id='word_1_59' title='bbox 248 785 328 852; x_wconf 82' lang='lat' dir='ltr'><strong>ierat,</strong></span> <span class='ocrx_word' id='word_1_60' title='bbox 348 786 489 848; x_wconf 86' lang='lat' dir='ltr'><strong>memoret,</strong></span> <span class='ocrx_word' id='word_1_61' title='bbox 509 799 579 851; x_wconf 86' lang='lat' dir='ltr'><strong>quae</strong></span> <span class='ocrx_word' id='word_1_62' title='bbox 599 783 634 835; x_wconf 89' lang='lat' dir='ltr'><strong>sit</strong></span> <span class='ocrx_word' id='word_1_63' title='bbox 653 782 753 835; x_wconf 89' lang='lat' dir='ltr'><strong>fiducia</strong></span> <span class='ocrx_word' id='word_1_64' title='bbox 770 786 858 850; x_wconf 87' lang='lat' dir='ltr'><strong>capto.</strong></span> 
     </span>
     <span class='ocr_line' id='line_1_10' title="bbox 123 857 846 931; baseline -0.003 -17"><span class='ocrx_word' id='word_1_65' title='bbox 123 860 187 931; x_wconf 89' lang='lat' dir='ltr'><strong>[llle</strong></span> <span class='ocrx_word' id='word_1_66' title='bbox 205 861 279 926; x_wconf 89' lang='lat' dir='ltr'><strong>haec,</strong></span> <span class='ocrx_word' id='word_1_67' title='bbox 298 860 423 928; x_wconf 87' lang='lat' dir='ltr'><strong>deposita</strong></span> <span class='ocrx_word' id='word_1_68' title='bbox 442 858 554 912; x_wconf 89' lang='lat' dir='ltr'><strong>tandem</strong></span> <span class='ocrx_word' id='word_1_69' title='bbox 572 859 728 926; x_wconf 87' lang='lat' dir='ltr'><strong>formidine,</strong></span> <span class='ocrx_word' id='word_1_70' title='bbox 745 857 846 926; x_wconf 73' lang='lat' dir='ltr'><strong>fatum]</strong></span> 
     </span>
    </p>

    <p class='ocr_par' dir='ltr' id='par_1_5' title="bbox 124 934 988 1158">
     <span class='ocr_line' id='line_1_11' title="bbox 159 934 988 1005; baseline -0.004 -14"><span class='ocrx_word' id='word_1_71' title='bbox 159 938 263 991; x_wconf 76' lang='lat' dir='ltr'><strong>Crmcta</strong></span> <span class='ocrx_word' id='word_1_72' title='bbox 272 937 399 1004; x_wconf 84' lang='lat' dir='ltr'><strong>equidem</strong></span> <span class='ocrx_word' id='word_1_73' title='bbox 410 935 468 1000; x_wconf 88' lang='lat' dir='ltr'><strong>tibi,</strong></span> <span class='ocrx_word' id='word_1_74' title='bbox 481 934 551 1003; x_wconf 85' lang='lat' dir='ltr'><strong>Rex,</strong></span> <span class='ocrx_word' id='word_1_75' title='bbox 564 935 651 989; x_wconf 88' lang='lat' dir='ltr'><strong>fuerit</strong></span> <span class='ocrx_word' id='word_1_76' title='bbox 661 936 861 1005; x_wconf 89' lang='lat' dir='ltr'><strong>quodcumque,</strong></span> <span class='ocrx_word' id='word_1_77' title='bbox 872 937 988 998; x_wconf 81' lang='lat' dir='ltr'><strong>fatebor</strong></span> 
     </span>
     <span class='ocr_line' id='line_1_12' title="bbox 124 1012 951 1082; baseline 0.001 -17"><span class='ocrx_word' id='word_1_78' title='bbox 124 1013 206 1080; x_wconf 85' lang='lat' dir='ltr'><strong>Vera,</strong></span> <span class='ocrx_word' id='word_1_79' title='bbox 224 1013 329 1082; x_wconf 79' lang='lat' dir='ltr'><strong>iuquit3</strong></span> <span class='ocrx_word' id='word_1_80' title='bbox 348 1030 437 1081; x_wconf 90' lang='lat' dir='ltr'><strong>neque</strong></span> <span class='ocrx_word' id='word_1_81' title='bbox 456 1028 500 1064; x_wconf 91' lang='lat' dir='ltr'><strong>me</strong></span> <span class='ocrx_word' id='word_1_82' title='bbox 521 1012 651 1080; x_wconf 78' lang='lat' dir='ltr'><strong>Argolica</strong></span> <span class='ocrx_word' id='word_1_83' title='bbox 670 1013 706 1065; x_wconf 90' lang='lat' dir='ltr'><strong>de</strong></span> <span class='ocrx_word' id='word_1_84' title='bbox 723 1015 806 1080; x_wconf 79' lang='lat' dir='ltr'><strong>gente</strong></span> <span class='ocrx_word' id='word_1_85' title='bbox 823 1012 951 1080; x_wconf 85' lang='lat' dir='ltr'><strong>negabo;</strong></span> 
     </span>
     <span class='ocr_line' id='line_1_13' title="bbox 125 1089 892 1158; baseline -0.003 -16"><span class='ocrx_word' id='word_1_86' title='bbox 125 1090 185 1143; x_wconf 90' lang='lat' dir='ltr'><strong>Hoc</strong></span> <span class='ocrx_word' id='word_1_87' title='bbox 203 1090 336 1158; x_wconf 92' lang='lat' dir='ltr'><strong>primum;</strong></span> <span class='ocrx_word' id='word_1_88' title='bbox 357 1105 414 1156; x_wconf 86' lang='lat' dir='ltr'><strong>nee,</strong></span> <span class='ocrx_word' id='word_1_89' title='bbox 434 1089 456 1141; x_wconf 82' lang='lat' dir='ltr'><strong>ai</strong></span> <span class='ocrx_word' id='word_1_90' title='bbox 475 1089 604 1141; x_wconf 87' lang='lat' dir='ltr'><strong>miserum</strong></span> <span class='ocrx_word' id='word_1_91' title='bbox 624 1089 746 1142; x_wconf 77' lang='lat' dir='ltr'><strong>Fortuna</strong></span> <span class='ocrx_word' id='word_1_92' title='bbox 764 1089 892 1142; x_wconf 81' lang='lat' dir='ltr'><strong>Sinonem</strong></span> 
     </span>
    </p>
   </div>
   <div class='ocr_carea' id='block_1_5' title="bbox 105 1165 988 1234">
    <p class='ocr_par' dir='ltr' id='par_1_6' title="bbox 105 1165 988 1234">
     <span class='ocr_line' id='line_1_14' title="bbox 105 1165 988 1234; baseline 0.001 -16"><span class='ocrx_word' id='word_1_93' title='bbox 105 1166 226 1233; x_wconf 56' lang='lat' dir='ltr'><strong>uinxit,</strong></span> <span class='ocrx_word' id='word_1_94' title='bbox 245 1183 344 1218; x_wconf 80' lang='lat' dir='ltr'><strong>vanum</strong></span> <span class='ocrx_word' id='word_1_95' title='bbox 364 1166 445 1218; x_wconf 89' lang='lat' dir='ltr'><strong>etiam</strong></span> <span class='ocrx_word' id='word_1_96' title='bbox 466 1165 682 1234; x_wconf 81' lang='lat' dir='ltr'><strong>mendacemque</strong></span> <span class='ocrx_word' id='word_1_97' title='bbox 700 1165 815 1234; x_wconf 90' lang='lat' dir='ltr'><strong>inproba</strong></span> <span class='ocrx_word' id='word_1_98' title='bbox 833 1165 931 1232; x_wconf 85' lang='lat' dir='ltr'><strong>finget.</strong></span> <span class='ocrx_word' id='word_1_99' title='bbox 961 1183 988 1218; x_wconf 83' lang='lat' dir='ltr'><strong>eo</strong></span> 
     </span>
    </p>
   </div>
   <div class='ocr_carea' id='block_1_6' title="bbox 125 1241 1066 2759">
    <p class='ocr_par' dir='ltr' id='par_1_7' title="bbox 125 1241 852 1311">
     <span class='ocr_line' id='line_1_15' title="bbox 125 1241 852 1311; baseline -0.003 -15"><span class='ocrx_word' id='word_1_100' title='bbox 125 1243 219 1296; x_wconf 77' lang='lat' dir='ltr'><strong>Fando</strong></span> <span class='ocrx_word' id='word_1_101' title='bbox 238 1242 348 1311; x_wconf 88' lang='lat' dir='ltr'><strong>aliquod</strong></span> <span class='ocrx_word' id='word_1_102' title='bbox 367 1243 389 1295; x_wconf 90' lang='lat' dir='ltr'><strong>si</strong></span> <span class='ocrx_word' id='word_1_103' title='bbox 407 1242 478 1295; x_wconf 83' lang='lat' dir='ltr'><strong>forte</strong></span> <span class='ocrx_word' id='word_1_104' title='bbox 497 1245 560 1294; x_wconf 90' lang='lat' dir='ltr'><strong>tuas</strong></span> <span class='ocrx_word' id='word_1_105' title='bbox 578 1242 707 1310; x_wconf 88' lang='lat' dir='ltr'><strong>pervenit</strong></span> <span class='ocrx_word' id='word_1_106' title='bbox 725 1241 761 1294; x_wconf 89' lang='lat' dir='ltr'><strong>ad</strong></span> <span class='ocrx_word' id='word_1_107' title='bbox 779 1241 852 1294; x_wconf 85' lang='lat' dir='ltr'><strong>auris</strong></span> 
     </span>
    </p>

    <p class='ocr_par' dir='ltr' id='par_1_8' title="bbox 125 1318 791 1373">
     <span class='ocr_line' id='line_1_16' title="bbox 125 1318 791 1373; baseline -0.003 -1"><span class='ocrx_word' id='word_1_108' title='bbox 125 1319 238 1373; x_wconf 91' lang='lat' dir='ltr'><strong>Belidae</strong></span> <span class='ocrx_word' id='word_1_109' title='bbox 256 1335 355 1372; x_wconf 84' lang='lat' dir='ltr'><strong>nornen</strong></span> <span class='ocrx_word' id='word_1_110' title='bbox 375 1318 530 1371; x_wconf 87' lang='lat' dir='ltr'><strong>Palamedis</strong></span> <span class='ocrx_word' id='word_1_111' title='bbox 550 1322 580 1372; x_wconf 89' lang='lat' dir='ltr'><strong>et</strong></span> <span class='ocrx_word' id='word_1_112' title='bbox 597 1318 702 1371; x_wconf 86' lang='lat' dir='ltr'><strong>incluta</strong></span> <span class='ocrx_word' id='word_1_113' title='bbox 719 1319 791 1371; x_wconf 85' lang='lat' dir='ltr'><strong>fama</strong></span> 
     </span>
    </p>

    <p class='ocr_par' dir='ltr' id='par_1_9' title="bbox 125 1394 780 1465">
     <span class='ocr_line' id='line_1_17' title="bbox 125 1394 780 1465; baseline -0.005 -17"><span class='ocrx_word' id='word_1_114' title='bbox 125 1395 224 1463; x_wconf 82' lang='lat' dir='ltr'><strong>Gloria,</strong></span> <span class='ocrx_word' id='word_1_115' title='bbox 242 1412 323 1464; x_wconf 91' lang='lat' dir='ltr'><strong>quem</strong></span> <span class='ocrx_word' id='word_1_116' title='bbox 341 1395 409 1465; x_wconf 77' lang='lat' dir='ltr'><strong>falsa</strong></span> <span class='ocrx_word' id='word_1_117' title='bbox 427 1394 477 1447; x_wconf 92' lang='lat' dir='ltr'><strong>sub</strong></span> <span class='ocrx_word' id='word_1_118' title='bbox 496 1394 654 1463; x_wconf 87' lang='lat' dir='ltr'><strong>proditione</strong></span> <span class='ocrx_word' id='word_1_119' title='bbox 674 1394 780 1461; x_wconf 66' lang='lat' dir='ltr'><strong>Pelasgi</strong></span> 
     </span>
    </p>

    <p class='ocr_par' dir='ltr' id='par_1_10' title="bbox 125 1470 988 2150">
     <span class='ocr_line' id='line_1_18' title="bbox 126 1470 831 1540; baseline 0.004 -17"><span class='ocrx_word' id='word_1_120' title='bbox 126 1471 266 1525; x_wconf 84' lang='lat' dir='ltr'><strong>insontem</strong></span> <span class='ocrx_word' id='word_1_121' title='bbox 284 1471 396 1524; x_wconf 86' lang='lat' dir='ltr'><strong>infando</strong></span> <span class='ocrx_word' id='word_1_122' title='bbox 414 1471 521 1538; x_wconf 82' lang='lat' dir='ltr'><strong>indicio,</strong></span> <span class='ocrx_word' id='word_1_123' title='bbox 541 1471 605 1540; x_wconf 88' lang='lat' dir='ltr'><strong>quia</strong></span> <span class='ocrx_word' id='word_1_124' title='bbox 623 1470 696 1523; x_wconf 87' lang='lat' dir='ltr'><strong>bella</strong></span> <span class='ocrx_word' id='word_1_125' title='bbox 713 1471 831 1538; x_wconf 84' lang='lat' dir='ltr'><strong>vetabat,</strong></span> 
     </span>
     <span class='ocr_line' id='line_1_19' title="bbox 125 1546 988 1615; baseline 0.001 -16"><span class='ocrx_word' id='word_1_126' title='bbox 125 1546 265 1600; x_wconf 80' lang='lat' dir='ltr'><strong>Demisere</strong></span> <span class='ocrx_word' id='word_1_127' title='bbox 283 1549 349 1615; x_wconf 86' lang='lat' dir='ltr'><strong>neci,</strong></span> <span class='ocrx_word' id='word_1_128' title='bbox 367 1565 437 1601; x_wconf 90' lang='lat' dir='ltr'><strong>nune</strong></span> <span class='ocrx_word' id='word_1_129' title='bbox 455 1564 561 1600; x_wconf 85' lang='lat' dir='ltr'><strong>cassum</strong></span> <span class='ocrx_word' id='word_1_130' title='bbox 581 1547 682 1600; x_wconf 90' lang='lat' dir='ltr'><strong>lumine</strong></span> <span class='ocrx_word' id='word_1_131' title='bbox 700 1547 808 1614; x_wconf 88' lang='lat' dir='ltr'><strong>lugent:</strong></span> <span class='ocrx_word' id='word_1_132' title='bbox 963 1569 988 1608; x_wconf 65' lang='lat'><strong>25</strong></span> 
     </span>
     <span class='ocr_line' id='line_1_20' title="bbox 125 1623 884 1692; baseline 0.004 -17"><span class='ocrx_word' id='word_1_133' title='bbox 125 1623 170 1675; x_wconf 92' lang='lat' dir='ltr'><strong>llli</strong></span> <span class='ocrx_word' id='word_1_134' title='bbox 189 1639 232 1678; x_wconf 89' lang='lat' dir='ltr'><strong>me</strong></span> <span class='ocrx_word' id='word_1_135' title='bbox 250 1623 376 1676; x_wconf 90' lang='lat' dir='ltr'><strong>comitem</strong></span> <span class='ocrx_word' id='word_1_136' title='bbox 397 1628 425 1677; x_wconf 89' lang='lat' dir='ltr'><strong>et</strong></span> <span class='ocrx_word' id='word_1_137' title='bbox 443 1623 681 1691; x_wconf 79' lang='lat' dir='ltr'><strong>consanguinitate</strong></span> <span class='ocrx_word' id='word_1_138' title='bbox 699 1623 884 1692; x_wconf 88' lang='lat' dir='ltr'><strong>propinquum</strong></span> 
     </span>
     <span class='ocr_line' id='line_1_21' title="bbox 126 1699 904 1768; baseline 0.005 -17"><span class='ocrx_word' id='word_1_139' title='bbox 126 1699 234 1768; x_wconf 84' lang='lat' dir='ltr'><strong>Pauper</strong></span> <span class='ocrx_word' id='word_1_140' title='bbox 252 1699 279 1751; x_wconf 89' lang='lat' dir='ltr'><strong>in</strong></span> <span class='ocrx_word' id='word_1_141' title='bbox 297 1715 373 1758; x_wconf 88' lang='lat' dir='ltr'><strong>arma</strong></span> <span class='ocrx_word' id='word_1_142' title='bbox 391 1703 471 1768; x_wconf 88' lang='lat' dir='ltr'><strong>pater</strong></span> <span class='ocrx_word' id='word_1_143' title='bbox 488 1701 585 1768; x_wconf 88' lang='lat' dir='ltr'><strong>primis</strong></span> <span class='ocrx_word' id='word_1_144' title='bbox 603 1700 656 1753; x_wconf 91' lang='lat' dir='ltr'><strong>huo</strong></span> <span class='ocrx_word' id='word_1_145' title='bbox 673 1700 748 1754; x_wconf 89' lang='lat' dir='ltr'><strong>misit</strong></span> <span class='ocrx_word' id='word_1_146' title='bbox 765 1699 800 1753; x_wconf 85' lang='lat' dir='ltr'><strong>ab</strong></span> <span class='ocrx_word' id='word_1_147' title='bbox 819 1702 904 1755; x_wconf 88' lang='lat' dir='ltr'><strong>annis.</strong></span> 
     </span>
     <span class='ocr_line' id='line_1_22' title="bbox 125 1775 869 1844; baseline 0.001 -16"><span class='ocrx_word' id='word_1_148' title='bbox 125 1775 198 1828; x_wconf 91' lang='lat' dir='ltr'><strong>Dum</strong></span> <span class='ocrx_word' id='word_1_149' title='bbox 216 1775 308 1828; x_wconf 87' lang='lat' dir='ltr'><strong>stabat</strong></span> <span class='ocrx_word' id='word_1_150' title='bbox 327 1792 410 1842; x_wconf 79' lang='lat' dir='ltr'><strong>regno</strong></span> <span class='ocrx_word' id='word_1_151' title='bbox 428 1777 570 1830; x_wconf 86' lang='lat' dir='ltr'><strong>incolumis</strong></span> <span class='ocrx_word' id='word_1_152' title='bbox 590 1793 740 1844; x_wconf 83' lang='lat' dir='ltr'><strong>regumque</strong></span> <span class='ocrx_word' id='word_1_153' title='bbox 758 1777 869 1843; x_wconf 81' lang='lat' dir='ltr'><strong>rigebat</strong></span> 
     </span>
     <span class='ocr_line' id='line_1_23' title="bbox 126 1853 831 1921; baseline -0.003 -15"><span class='ocrx_word' id='word_1_154' title='bbox 126 1853 256 1920; x_wconf 81' lang='lat' dir='ltr'><strong>Consiliis,</strong></span> <span class='ocrx_word' id='word_1_155' title='bbox 275 1855 305 1905; x_wconf 92' lang='lat' dir='ltr'><strong>et</strong></span> <span class='ocrx_word' id='word_1_156' title='bbox 322 1869 371 1904; x_wconf 85' lang='lat' dir='ltr'><strong>nos</strong></span> <span class='ocrx_word' id='word_1_157' title='bbox 389 1853 500 1920; x_wconf 89' lang='lat' dir='ltr'><strong>aliquod</strong></span> <span class='ocrx_word' id='word_1_158' title='bbox 520 1869 675 1921; x_wconf 86' lang='lat' dir='ltr'><strong>nomenque</strong></span> <span class='ocrx_word' id='word_1_159' title='bbox 694 1853 831 1920; x_wconf 89' lang='lat' dir='ltr'><strong>decusque</strong></span> 
     </span>
     <span class='ocr_line' id='line_1_24' title="bbox 126 1928 986 1997; baseline 0 -15"><span class='ocrx_word' id='word_1_160' title='bbox 126 1929 270 1982; x_wconf 88' lang='lat' dir='ltr'><strong>Gessimus.</strong></span> <span class='ocrx_word' id='word_1_161' title='bbox 311 1929 418 1982; x_wconf 84' lang='lat' dir='ltr'><strong>Invidia</strong></span> <span class='ocrx_word' id='word_1_162' title='bbox 435 1933 580 1997; x_wconf 84' lang='lat' dir='ltr'><strong>postquam</strong></span> <span class='ocrx_word' id='word_1_163' title='bbox 598 1929 710 1997; x_wconf 89' lang='lat' dir='ltr'><strong>pellacis</strong></span> <span class='ocrx_word' id='word_1_164' title='bbox 727 1928 835 1982; x_wconf 77' lang='lat' dir='ltr'><strong>Ulixi-</strong></span> <span class='ocrx_word' id='word_1_165' title='bbox 961 1943 986 1982; x_wconf 86' lang='lat' dir='ltr'><strong>ao</strong></span> 
     </span>
     <span class='ocr_line' id='line_1_25' title="bbox 126 2004 852 2074; baseline -0.001 -16"><span class='ocrx_word' id='word_1_166' title='bbox 126 2005 209 2058; x_wconf 90' lang='lat' dir='ltr'><strong>Haud</strong></span> <span class='ocrx_word' id='word_1_167' title='bbox 227 2006 320 2074; x_wconf 79' lang='lat' dir='ltr'><strong>ignota</strong></span> <span class='ocrx_word' id='word_1_168' title='bbox 338 2006 576 2074; x_wconf 86' lang='lat' dir='ltr'><strong>loquor—superis</strong></span> <span class='ocrx_word' id='word_1_169' title='bbox 594 2005 727 2058; x_wconf 84' lang='lat' dir='ltr'><strong>concessit</strong></span> <span class='ocrx_word' id='word_1_170' title='bbox 745 2004 779 2058; x_wconf 91' lang='lat' dir='ltr'><strong>ab</strong></span> <span class='ocrx_word' id='word_1_171' title='bbox 797 2004 852 2057; x_wconf 88' lang='lat' dir='ltr'><strong>oris</strong></span> 
     </span>
     <span class='ocr_line' id='line_1_26' title="bbox 127 2080 867 2150; baseline -0.001 -15"><span class='ocrx_word' id='word_1_172' title='bbox 127 2080 262 2136; x_wconf 83' lang='lat' dir='ltr'><strong>Adflictas</strong></span> <span class='ocrx_word' id='word_1_173' title='bbox 281 2084 364 2136; x_wconf 77' lang='lat' dir='ltr'><strong>vitam</strong></span> <span class='ocrx_word' id='word_1_174' title='bbox 382 2083 409 2135; x_wconf 90' lang='lat' dir='ltr'><strong>in</strong></span> <span class='ocrx_word' id='word_1_175' title='bbox 428 2082 551 2136; x_wconf 87' lang='lat' dir='ltr'><strong>tenebris</strong></span> <span class='ocrx_word' id='word_1_176' title='bbox 569 2083 699 2150; x_wconf 87' lang='lat' dir='ltr'><strong>luctuque</strong></span> <span class='ocrx_word' id='word_1_177' title='bbox 717 2080 867 2147; x_wconf 82' lang='lat' dir='ltr'><strong>trahebam,</strong></span> 
     </span>
    </p>

    <p class='ocr_par' dir='ltr' id='par_1_11' title="bbox 125 2158 812 2226">
     <span class='ocr_line' id='line_1_27' title="bbox 125 2158 812 2226; baseline -0.001 -15"><span class='ocrx_word' id='word_1_178' title='bbox 125 2159 161 2212; x_wconf 85' lang='lat' dir='ltr'><strong>Et</strong></span> <span class='ocrx_word' id='word_1_179' title='bbox 179 2176 271 2212; x_wconf 89' lang='lat' dir='ltr'><strong>casum</strong></span> <span class='ocrx_word' id='word_1_180' title='bbox 290 2158 405 2212; x_wconf 89' lang='lat' dir='ltr'><strong>insontis</strong></span> <span class='ocrx_word' id='word_1_181' title='bbox 423 2175 529 2211; x_wconf 90' lang='lat' dir='ltr'><strong>mecum</strong></span> <span class='ocrx_word' id='word_1_182' title='bbox 547 2158 710 2226; x_wconf 85' lang='lat' dir='ltr'><strong>indignabar</strong></span> <span class='ocrx_word' id='word_1_183' title='bbox 728 2158 812 2212; x_wconf 82' lang='lat' dir='ltr'><strong>amici.</strong></span> 
     </span>
    </p>

    <p class='ocr_par' dir='ltr' id='par_1_12' title="bbox 126 2233 854 2302">
     <span class='ocr_line' id='line_1_28' title="bbox 126 2233 854 2302; baseline 0.003 -16"><span class='ocrx_word' id='word_1_184' title='bbox 126 2234 151 2286; x_wconf 92' lang='lat' dir='ltr'>N</span> <span class='ocrx_word' id='word_1_185' title='bbox 155 2251 185 2288; x_wconf 90' lang='lat' dir='ltr'><strong>ee</strong></span> <span class='ocrx_word' id='word_1_186' title='bbox 202 2237 275 2288; x_wconf 88' lang='lat' dir='ltr'><strong>tacui</strong></span> <span class='ocrx_word' id='word_1_187' title='bbox 294 2236 414 2302; x_wconf 88' lang='lat' dir='ltr'><strong>demens,</strong></span> <span class='ocrx_word' id='word_1_188' title='bbox 434 2238 463 2288; x_wconf 92' lang='lat' dir='ltr'><strong>et</strong></span> <span class='ocrx_word' id='word_1_189' title='bbox 480 2251 532 2302; x_wconf 86' lang='lat' dir='ltr'><strong>me,</strong></span> <span class='ocrx_word' id='word_1_190' title='bbox 551 2235 607 2288; x_wconf 85' lang='lat' dir='ltr'><strong>fors</strong></span> <span class='ocrx_word' id='word_1_191' title='bbox 626 2235 650 2300; x_wconf 86' lang='lat' dir='ltr'><strong>si¹</strong></span> <span class='ocrx_word' id='word_1_192' title='bbox 667 2251 721 2302; x_wconf 90' lang='lat' dir='ltr'><strong>qua</strong></span> <span class='ocrx_word' id='word_1_193' title='bbox 738 2233 854 2302; x_wconf 88' lang='lat' dir='ltr'><strong>tulisset,</strong></span> 
     </span>
    </p>

    <p class='ocr_par' dir='ltr' id='par_1_13' title="bbox 126 2310 985 2455">
     <span class='ocr_line' id='line_1_29' title="bbox 126 2310 985 2379; baseline 0.007 -17"><span class='ocrx_word' id='word_1_194' title='bbox 126 2311 154 2363; x_wconf 83' lang='lat' dir='ltr'><strong>Si</strong></span> <span class='ocrx_word' id='word_1_195' title='bbox 172 2310 274 2378; x_wconf 81' lang='lat' dir='ltr'><strong>patrios</strong></span> <span class='ocrx_word' id='word_1_196' title='bbox 292 2328 422 2379; x_wconf 89' lang='lat' dir='ltr'><strong>umquam</strong></span> <span class='ocrx_word' id='word_1_197' title='bbox 442 2328 605 2364; x_wconf 85' lang='lat' dir='ltr'><strong>remeassem</strong></span> <span class='ocrx_word' id='word_1_198' title='bbox 626 2311 713 2364; x_wconf 80' lang='lat' dir='ltr'><strong>victor</strong></span> <span class='ocrx_word' id='word_1_199' title='bbox 730 2310 766 2363; x_wconf 92' lang='lat' dir='ltr'><strong>ad</strong></span> <span class='ocrx_word' id='word_1_200' title='bbox 787 2312 885 2377; x_wconf 82' lang='lat' dir='ltr'><strong>Argos,</strong></span> <span class='ocrx_word' id='word_1_201' title='bbox 959 2331 985 2368; x_wconf 81' lang='lat' dir='ltr'><strong>es</strong></span> 
     </span>
     <span class='ocr_line' id='line_1_30' title="bbox 127 2385 835 2455; baseline -0.001 -16"><span class='ocrx_word' id='word_1_202' title='bbox 127 2385 241 2440; x_wconf 85' lang='lat' dir='ltr'><strong>Promisi</strong></span> <span class='ocrx_word' id='word_1_203' title='bbox 259 2387 384 2454; x_wconf 88' lang='lat' dir='ltr'><strong>ultorem,</strong></span> <span class='ocrx_word' id='word_1_204' title='bbox 403 2392 432 2442; x_wconf 90' lang='lat' dir='ltr'><strong>et</strong></span> <span class='ocrx_word' id='word_1_205' title='bbox 450 2387 541 2440; x_wconf 84' lang='lat' dir='ltr'><strong>verbis</strong></span> <span class='ocrx_word' id='word_1_206' title='bbox 561 2387 624 2440; x_wconf 86' lang='lat' dir='ltr'><strong>odia</strong></span> <span class='ocrx_word' id='word_1_207' title='bbox 642 2403 739 2455; x_wconf 87' lang='lat' dir='ltr'><strong>aspera</strong></span> <span class='ocrx_word' id='word_1_208' title='bbox 757 2386 835 2440; x_wconf 90' lang='lat' dir='ltr'><strong>movi.</strong></span> 
     </span>
    </p>

    <p class='ocr_par' dir='ltr' id='par_1_14' title="bbox 126 2462 895 2607">
     <span class='ocr_line' id='line_1_31' title="bbox 126 2462 895 2531; baseline -0.001 -16"><span class='ocrx_word' id='word_1_209' title='bbox 126 2462 199 2516; x_wconf 91' lang='lat' dir='ltr'><strong>Hinc</strong></span> <span class='ocrx_word' id='word_1_210' title='bbox 217 2462 283 2515; x_wconf 84' lang='lat' dir='ltr'><strong>milri</strong></span> <span class='ocrx_word' id='word_1_211' title='bbox 301 2463 389 2531; x_wconf 90' lang='lat' dir='ltr'><strong>prima</strong></span> <span class='ocrx_word' id='word_1_212' title='bbox 407 2464 471 2516; x_wconf 91' lang='lat' dir='ltr'><strong>mali</strong></span> <span class='ocrx_word' id='word_1_213' title='bbox 489 2462 574 2531; x_wconf 89' lang='lat' dir='ltr'><strong>labes,</strong></span> <span class='ocrx_word' id='word_1_214' title='bbox 593 2463 655 2516; x_wconf 84' lang='lat' dir='ltr'><strong>hine</strong></span> <span class='ocrx_word' id='word_1_215' title='bbox 674 2479 781 2530; x_wconf 88' lang='lat' dir='ltr'><strong>semper</strong></span> <span class='ocrx_word' id='word_1_216' title='bbox 799 2462 895 2516; x_wconf 87' lang='lat' dir='ltr'><strong>Ulixes</strong></span> 
     </span>
     <span class='ocr_line' id='line_1_32' title="bbox 126 2539 839 2607; baseline 0 -15"><span class='ocrx_word' id='word_1_217' title='bbox 126 2539 289 2593; x_wconf 78' lang='lat' dir='ltr'><strong>Criminibus</strong></span> <span class='ocrx_word' id='word_1_218' title='bbox 307 2544 412 2594; x_wconf 84' lang='lat' dir='ltr'><strong>terrere</strong></span> <span class='ocrx_word' id='word_1_219' title='bbox 430 2539 513 2607; x_wconf 87' lang='lat' dir='ltr'><strong>novis,</strong></span> <span class='ocrx_word' id='word_1_220' title='bbox 531 2539 594 2592; x_wconf 90' lang='lat' dir='ltr'><strong>hino</strong></span> <span class='ocrx_word' id='word_1_221' title='bbox 613 2555 742 2607; x_wconf 82' lang='lat' dir='ltr'><strong>spargere</strong></span> <span class='ocrx_word' id='word_1_222' title='bbox 760 2555 839 2592; x_wconf 82' lang='lat' dir='ltr'><strong>voees</strong></span> 
     </span>
    </p>

    <p class='ocr_par' dir='ltr' id='par_1_15' title="bbox 125 2616 1066 2759">
     <span class='ocr_line' id='line_1_33' title="bbox 125 2616 1066 2690; baseline 0 -22"><span class='ocrx_word' id='word_1_223' title='bbox 125 2616 160 2668; x_wconf 89' lang='lat' dir='ltr'><strong>In</strong></span> <span class='ocrx_word' id='word_1_224' title='bbox 179 2616 286 2684; x_wconf 84' lang='lat' dir='ltr'><strong>volgum</strong></span> <span class='ocrx_word' id='word_1_225' title='bbox 304 2618 452 2686; x_wconf 82' lang='lat' dir='ltr'><strong>ambiguas,</strong></span> <span class='ocrx_word' id='word_1_226' title='bbox 471 2619 501 2669; x_wconf 88' lang='lat' dir='ltr'><strong>et</strong></span> <span class='ocrx_word' id='word_1_227' title='bbox 519 2633 652 2684; x_wconf 85' lang='lat' dir='ltr'><strong>quaerere</strong></span> <span class='ocrx_word' id='word_1_228' title='bbox 670 2616 791 2668; x_wconf 86' lang='lat' dir='ltr'><strong>conscius</strong></span> <span class='ocrx_word' id='word_1_229' title='bbox 809 2631 893 2668; x_wconf 84' lang='lat' dir='ltr'><strong>arma</strong></span> <span class='ocrx_word' id='word_1_230' title='bbox 1065 2659 1066 2690; x_wconf 32' lang='lat' dir='ltr'><strong>q</strong></span> 
     </span>
     <span class='ocr_line' id='line_1_34' title="bbox 126 2692 1066 2759; baseline 0 -14"><span class='ocrx_word' id='word_1_231' title='bbox 126 2693 152 2745; x_wconf 90' lang='lat' dir='ltr'>N</span> <span class='ocrx_word' id='word_1_232' title='bbox 154 2709 184 2745; x_wconf 86' lang='lat' dir='ltr'><strong>ee</strong></span> <span class='ocrx_word' id='word_1_233' title='bbox 202 2693 336 2759; x_wconf 84' lang='lat' dir='ltr'><strong>requievit</strong></span> <span class='ocrx_word' id='word_1_234' title='bbox 355 2695 434 2759; x_wconf 88' lang='lat' dir='ltr'><strong>cuim,</strong></span> <span class='ocrx_word' id='word_1_235' title='bbox 454 2692 541 2746; x_wconf 91' lang='lat' dir='ltr'><strong>donee</strong></span> <span class='ocrx_word' id='word_1_236' title='bbox 560 2692 709 2746; x_wconf 80' lang='lat' dir='ltr'><strong>Calchante</strong></span> <span class='ocrx_word' id='word_1_237' title='bbox 727 2692 888 2744; x_wconf 88' lang='lat' dir='ltr'><strong>ministro—</strong></span> <span class='ocrx_word' id='word_1_238' title='bbox 950 2709 985 2745; x_wconf 76' lang='lat' dir='ltr'><strong>roo</strong></span> <span class='ocrx_word' id='word_1_239' title='bbox 1065 2693 1066 2716; x_wconf 51' lang='lat' dir='ltr'><strong>l</strong></span> 
     </span>
    </p>
   </div>
   <div class='ocr_carea' id='block_1_7' title="bbox 110 2765 1066 3280">
    <p class='ocr_par' dir='ltr' id='par_1_16' title="bbox 110 2765 1066 3280">
     <span class='ocr_line' id='line_1_35' title="bbox 126 2765 947 2838; baseline 0 -15"><span class='ocrx_word' id='word_1_240' title='bbox 126 2769 181 2823; x_wconf 79' lang='lat' dir='ltr'><strong>Sed</strong></span> <span class='ocrx_word' id='word_1_241' title='bbox 194 2769 261 2836; x_wconf 88' lang='lat' dir='ltr'><strong>quid</strong></span> <span class='ocrx_word' id='word_1_242' title='bbox 274 2786 324 2836; x_wconf 82' lang='lat' dir='ltr'><strong>ego</strong></span> <span class='ocrx_word' id='word_1_243' title='bbox 335 2765 404 2823; x_wconf 89' lang='lat' dir='ltr'><strong>haec</strong></span> <span class='ocrx_word' id='word_1_244' title='bbox 417 2773 509 2823; x_wconf 89' lang='lat' dir='ltr'><strong>autem</strong></span> <span class='ocrx_word' id='word_1_245' title='bbox 522 2770 687 2838; x_wconf 89' lang='lat' dir='ltr'><strong>nequiquam</strong></span> <span class='ocrx_word' id='word_1_246' title='bbox 699 2770 807 2838; x_wconf 81' lang='lat' dir='ltr'><strong>ingrata</strong></span> <span class='ocrx_word' id='word_1_247' title='bbox 819 2769 947 2823; x_wconf 70' lang='lat' dir='ltr'><strong>revolvo?</strong></span> 
     </span>
     <span class='ocr_line' id='line_1_36' title="bbox 127 2845 953 2913; baseline 0 -15"><span class='ocrx_word' id='word_1_248' title='bbox 127 2845 232 2910; x_wconf 82' lang='lat' dir='ltr'><strong>Quidve</strong></span> <span class='ocrx_word' id='word_1_249' title='bbox 249 2861 347 2913; x_wconf 86' lang='lat' dir='ltr'><strong>moror,</strong></span> <span class='ocrx_word' id='word_1_250' title='bbox 366 2846 388 2899; x_wconf 87' lang='lat' dir='ltr'><strong>si</strong></span> <span class='ocrx_word' id='word_1_251' title='bbox 407 2847 494 2899; x_wconf 88' lang='lat' dir='ltr'><strong>omnis</strong></span> <span class='ocrx_word' id='word_1_252' title='bbox 511 2863 566 2898; x_wconf 92' lang='lat' dir='ltr'><strong>une</strong></span> <span class='ocrx_word' id='word_1_253' title='bbox 585 2846 681 2900; x_wconf 90' lang='lat' dir='ltr'><strong>ordine</strong></span> <span class='ocrx_word' id='word_1_254' title='bbox 699 2846 807 2900; x_wconf 87' lang='lat' dir='ltr'><strong>habetis</strong></span> <span class='ocrx_word' id='word_1_255' title='bbox 825 2845 953 2911; x_wconf 80' lang='lat' dir='ltr'><strong>Achivos,</strong></span> 
     </span>
     <span class='ocr_line' id='line_1_37' title="bbox 126 2921 927 2991; baseline 0.004 -18"><span class='ocrx_word' id='word_1_256' title='bbox 126 2921 217 2989; x_wconf 89' lang='lat' dir='ltr'><strong>quue</strong></span> <span class='ocrx_word' id='word_1_257' title='bbox 235 2921 331 2973; x_wconf 89' lang='lat' dir='ltr'><strong>audire</strong></span> <span class='ocrx_word' id='word_1_258' title='bbox 350 2925 392 2973; x_wconf 88' lang='lat' dir='ltr'><strong>sat</strong></span> <span class='ocrx_word' id='word_1_259' title='bbox 410 2923 470 2973; x_wconf 80' lang='lat' dir='ltr'><strong>esti</strong></span> <span class='ocrx_word' id='word_1_260' title='bbox 508 2923 674 2974; x_wconf 89' lang='lat' dir='ltr'><strong>Iamdudum</strong></span> <span class='ocrx_word' id='word_1_261' title='bbox 694 2925 792 2976; x_wconf 86' lang='lat' dir='ltr'><strong>sumite</strong></span> <span class='ocrx_word' id='word_1_262' title='bbox 810 2939 927 2991; x_wconf 86' lang='lat' dir='ltr'><strong>poenas;</strong></span> 
     </span>
     <span class='ocr_line' id='line_1_38' title="bbox 127 2995 894 3060; baseline 0.008 -14"><span class='ocrx_word' id='word_1_263' title='bbox 127 2995 188 3046; x_wconf 91' lang='lat' dir='ltr'><strong>Hoc</strong></span> <span class='ocrx_word' id='word_1_264' title='bbox 208 2995 318 3046; x_wconf 81' lang='lat' dir='ltr'><strong>ithacus</strong></span> <span class='ocrx_word' id='word_1_265' title='bbox 337 2996 410 3059; x_wconf 85' lang='lat' dir='ltr'><strong>velit,</strong></span> <span class='ocrx_word' id='word_1_266' title='bbox 429 2999 458 3046; x_wconf 89' lang='lat' dir='ltr'><strong>et</strong></span> <span class='ocrx_word' id='word_1_267' title='bbox 476 3011 574 3060; x_wconf 74' lang='lat' dir='ltr'><strong>magno</strong></span> <span class='ocrx_word' id='word_1_268' title='bbox 593 3001 751 3050; x_wconf 89' lang='lat' dir='ltr'><strong>mercentur</strong></span> <span class='ocrx_word' id='word_1_269' title='bbox 770 2999 894 3052; x_wconf 87' lang='lat' dir='ltr'><strong>Atridae.</strong></span> 
     </span>
     <span class='ocr_line' id='line_1_39' title="bbox 162 3067 1066 3141; baseline 0.012 -24"><span class='ocrx_word' id='word_1_270' title='bbox 162 3067 230 3118; x_wconf 82' lang='lat' dir='ltr'><strong>Tum</strong></span> <span class='ocrx_word' id='word_1_271' title='bbox 248 3085 312 3120; x_wconf 87' lang='lat' dir='ltr'><strong>vero</strong></span> <span class='ocrx_word' id='word_1_272' title='bbox 330 3069 458 3120; x_wconf 81' lang='lat' dir='ltr'><strong>ardemus</strong></span> <span class='ocrx_word' id='word_1_273' title='bbox 477 3069 568 3121; x_wconf 86' lang='lat' dir='ltr'><strong>scitari</strong></span> <span class='ocrx_word' id='word_1_274' title='bbox 587 3073 616 3121; x_wconf 92' lang='lat' dir='ltr'><strong>et</strong></span> <span class='ocrx_word' id='word_1_275' title='bbox 634 3087 768 3136; x_wconf 89' lang='lat' dir='ltr'><strong>quaerere</strong></span> <span class='ocrx_word' id='word_1_276' title='bbox 787 3089 902 3141; x_wconf 85' lang='lat' dir='ltr'><strong>caussas,</strong></span> <span class='ocrx_word' id='word_1_277' title='bbox 948 3087 985 3127; x_wconf 79' lang='lat' dir='ltr'><strong>1oe</strong></span> <span class='ocrx_word' id='word_1_278' title='bbox 1065 3137 1066 3140; x_wconf 8' lang='grc' dir='ltr'><strong>Ἴ</strong></span> 
     </span>
     <span class='ocr_line' id='line_1_40' title="bbox 110 3141 827 3215; baseline 0.015 -24"><span class='ocrx_word' id='word_1_279' title='bbox 110 3147 111 3150; x_wconf 78' lang='grc'>’</span> <span class='ocrx_word' id='word_1_280' title='bbox 129 3141 222 3205; x_wconf 86' lang='lat' dir='ltr'><strong>Ignari</strong></span> <span class='ocrx_word' id='word_1_281' title='bbox 240 3142 370 3193; x_wconf 88' lang='lat' dir='ltr'><strong>scelerum</strong></span> <span class='ocrx_word' id='word_1_282' title='bbox 389 3145 527 3193; x_wconf 85' lang='lat' dir='ltr'><strong>tantorum</strong></span> <span class='ocrx_word' id='word_1_283' title='bbox 547 3144 668 3209; x_wconf 86' lang='lat' dir='ltr'><strong>artisque</strong></span> <span class='ocrx_word' id='word_1_284' title='bbox 687 3145 827 3215; x_wconf 86' lang='lat' dir='ltr'><strong>Pelasgae.</strong></span> 
     </span>
     <span class='ocr_line' id='line_1_41' title="bbox 130 3212 818 3280; baseline 0.016 -17"><span class='ocrx_word' id='word_1_285' title='bbox 130 3212 307 3278; x_wconf 87' lang='lat' dir='ltr'><strong>Prosequitur</strong></span> <span class='ocrx_word' id='word_1_286' title='bbox 324 3217 455 3280; x_wconf 86' lang='lat' dir='ltr'><strong>pavitans,</strong></span> <span class='ocrx_word' id='word_1_287' title='bbox 473 3215 502 3264; x_wconf 87' lang='lat' dir='ltr'><strong>et</strong></span> <span class='ocrx_word' id='word_1_288' title='bbox 520 3214 583 3266; x_wconf 89' lang='lat' dir='ltr'><strong>ficto</strong></span> <span class='ocrx_word' id='word_1_289' title='bbox 601 3221 712 3280; x_wconf 84' lang='lat' dir='ltr'><strong>pectore</strong></span> <span class='ocrx_word' id='word_1_290' title='bbox 730 3223 818 3276; x_wconf 84' lang='lat' dir='ltr'><strong>fatur:</strong></span> 
     </span>
    </p>
   </div>
   <div class='ocr_carea' id='block_1_8' title="bbox 0 0 1084 3506">
    <p class='ocr_par' dir='ltr' id='par_1_17' title="bbox 0 0 1084 3506">
     <span class='ocr_line' id='line_1_42' title="bbox 0 0 1084 3506; baseline 0 0"><span class='ocrx_word' id='word_1_291' title='bbox 0 0 1084 3506; x_wconf 95' lang='lat' dir='ltr'><strong> </strong></span> 
     </span>
    </p>
   </div>
  </div>
 </body>
</html>
