2154 3518
365 401 395 450 P.
412 399 568 448 VERGILI
585 399 751 449 MARONIS

337 545 787 626 GEORGICON

406 733 524 787 LIBER
548 733 716 789 TERTIUS.

518 930 615 956 ——c—

136 1077 176 1130 'la
195 1093 312 1146 quoquc,
330 1093 428 1146 magna
446 1083 533 1150 Pales,
552 1086 580 1136 et
598 1084 628 1136 te
644 1083 819 1134 memorande
836 1096 976 1137 canemus

137 1153 235 1206 Pastor
253 1152 287 1205 ab
307 1153 470 1224 Amphryso,
488 1174 543 1224 vos,
562 1158 645 1211 silvae
664 1172 810 1224 amnesque
830 1156 942 1224 Lycaei.

135 1230 242 1296 Cetera,
261 1245 332 1296 quae
349 1246 447 1284 vacuas
465 1235 618 1287 tenuissent
636 1234 756 1287 carmine
773 1236 888 1300 mentes,

135 1307 233 1360 Omnia
251 1307 304 1360 iam
323 1306 442 1374 volgata:
461 1309 523 1377 quis
541 1314 589 1363 aut
608 1309 761 1377 Eurysthea
780 1309 886 1376 durum,

104 1385 194 1451 shut
212 1383 345 1437 inlaudati
363 1385 450 1440 nescit
466 1386 604 1448 ¹Busiridis
622 1387 699 1438 arasl

135 1460 185 1513 Cui
203 1477 256 1512 non
276 1458 366 1513 dictus
386 1462 472 1528 Hylas
490 1479 560 1530 puer
578 1465 606 1515 et
625 1461 739 1514 Latonia
758 1460 848 1520 Delos,

135 1535 373 1603 Hippodameque,
391 1537 559 1606 humeroque
578 1538 678 1606 Pelops
695 1537 810 1604 insignis
827 1536 944 1606 eburno.

135 1614 209 1665 Acer
228 1612 321 1679 cquisl
358 1612 529 1680 Temptanda
546 1615 590 1666 via
608 1618 660 1681 ost,
678 1629 732 1682 qua
750 1629 794 1666 me
812 1629 924 1680 quoque

204 1705 305 1757 possim

72 1815 74 1820 .
134 1764 241 1818 Tollere
261 1765 343 1819 humo
361 1767 501 1834 victorque
520 1767 608 1819 virum
626 1766 740 1820 volitare
759 1781 883 1834 perora

134 1840 243 1894 Primus
262 1858 313 1908 ego
331 1843 358 1894 in
377 1842 493 1910 patriam
512 1859 624 1911 mecum,
643 1843 724 1914 modo
742 1842 799 1894 vita
817 1841 947 1910 supersit,
969 1855 996 1896 10

134 1918 224 1971 Aonio
244 1919 352 1971 rediens
372 1918 505 1972 deducam
525 1920 626 1972 vertice
645 1919 745 1983 Musas,

135 1993 244 2048 Primus
265 1994 410 2048 Idumaeas
429 1995 545 2048 referam
564 1995 622 2060 tibi,
642 1995 763 2062 Mantua,
781 1994 893 2062 palmas,

135 2071 171 2125 Et
189 2071 268 2124 viridi
286 2073 314 2124 in
333 2089 429 2141 campo
448 2073 581 2141 templum
601 2073 636 2124 de
654 2087 788 2124 marmore
806 2086 904 2138 ponam

136 2146 253 2214 Propter
272 2165 378 2217 aquam,
398 2149 485 2205 tardis
502 2149 598 2216 ingens
616 2147 663 2200 ubi
681 2147 796 2200 flexibus
815 2148 888 2199 errat

118 2223 251 2276 ³Mincius
270 2231 299 2277 et
317 2229 412 2277 tenera
430 2225 568 2290 praetexit
586 2224 717 2276 arundine
735 2224 815 2292 ripas.
913 2238 923 2250 “
968 2237 995 2278 1⁵

138 2300 169 2352 ln
187 2301 278 2352 medio
298 2298 365 2350 mihi
386 2299 485 2350 Caesar
504 2299 565 2366 erit,
584 2299 772 2368 templumque
789 2299 903 2353 tenebit.

136 2376 180 2428 llli
198 2377 285 2428 victor
304 2391 354 2442 ego
373 2379 402 2427 et
421 2374 499 2440 Tyrio
518 2381 678 2444 conspectus
696 2376 724 2428 in
742 2380 816 2429 ostro

136 2453 253 2506 Centum
273 2451 448 2520 quadriiugos
466 2451 576 2519 agitabo
594 2451 630 2504 ad
648 2452 758 2506 flumina
776 2469 884 2518 currus;

136 2530 241 2581 Cuncta
258 2528 331 2596 mihi,
353 2529 490 2598 Alpheum
510 2529 634 2598 linquens
652 2530 782 2598 lucosque
800 2527 941 2591 Molorchi,

136 2605 265 2658 Cursibus
284 2610 312 2660 et
333 2607 416 2660 crudo
435 2607 565 2661 decernet
584 2607 697 2661 Graecia
715 2611 813 2658 caestu.
968 2619 993 2660 au

81 2739 84 2747 ,
136 2681 206 2749 Ipse,
225 2688 306 2751 caput
324 2685 419 2737 tonsae
438 2684 508 2738 soliis
528 2689 639 2737 ornatus
657 2684 752 2750 olivae,

136 2759 214 2812 Dona
231 2761 324 2814 feram.
365 2761 423 2814 lam
441 2779 513 2814 nunc
532 2761 668 2814 sollemnia
688 2761 789 2813 ducere
806 2773 920 2827 pompas

137 2836 182 2890 nd
201 2837 316 2892 delubra
334 2839 409 2892 iuvat
427 2855 576 2907 caesosque
595 2837 688 2890 ridere
707 2836 842 2900 iuvencae,

102 2915 188 2978 §.Vel
206 2933 303 2969 scaena
321 2920 352 2969 ut
370 2916 455 2967 versis
474 2913 596 2966 discedat
613 2912 756 2976 frontibus,
775 2913 861 2976 utquo

136 2991 278 3056 Purpurea
296 2992 395 3044 intexti
413 2989 511 3041 tollant
529 2989 623 3039 aulaea
642 2987 774 3038 Britanni.
967 3003 991 3042 25

137 3064 172 3115 In
189 3065 293 3117 foribus
312 3081 431 3133 pugnam
450 3080 484 3115 ex
502 3079 568 3114 auro
587 3061 727 3126 solidoque
746 3060 890 3125 elephanto

138 3137 325 3204 Gangaridum
342 3138 439 3191 faciam
457 3137 622 3198 victorisque
641 3149 716 3184 arma
735 3135 849 3196 Quirini,
