<?xml version="1.0" encoding="UTF-8"?>
<!DOCTYPE html PUBLIC "-//W3C//DTD XHTML 1.0 Transitional//EN"
    "http://www.w3.org/TR/xhtml1/DTD/xhtml1-transitional.dtd">
<html xmlns="http://www.w3.org/1999/xhtml" xml:lang="en" lang="en">
 <head>
  <title>
</title>
<meta http-equiv="Content-Type" content="text/html;charset=utf-8" />
  <meta name='ocr-system' content='tesseract 3.04.00' />
  <meta name='ocr-capabilities' content='ocr_page ocr_carea ocr_par ocr_line ocrx_word'/>
</head>
<body>
  <div class='ocr_page' id='page_1' title='image "./operaexrecensio03virggoog_0304.png"; bbox 0 0 2172 3506; ppageno 0'>
   <div class='ocr_carea' id='block_1_1' title="bbox 136 148 757 202">
    <p class='ocr_par' dir='ltr' id='par_1_1' title="bbox 136 148 757 202">
     <span class='ocr_line' id='line_1_1' title="bbox 136 148 757 202; baseline -0.01 0"><span class='ocrx_word' id='word_1_1' title='bbox 136 155 184 202; x_wconf 73' lang='lat'><strong>292</strong></span> <span class='ocrx_word' id='word_1_2' title='bbox 364 151 393 199; x_wconf 90' lang='lat' dir='ltr'><strong>P.</strong></span> <span class='ocrx_word' id='word_1_3' title='bbox 413 149 563 199; x_wconf 84' lang='lat' dir='ltr'>VERGILI</span> <span class='ocrx_word' id='word_1_4' title='bbox 589 148 722 196; x_wconf 85' lang='lat' dir='ltr'><strong>MARON</strong></span> <span class='ocrx_word' id='word_1_5' title='bbox 725 148 757 197; x_wconf 87' lang='lat' dir='ltr'><strong>IS</strong></span> 
     </span>
    </p>
   </div>
   <div class='ocr_carea' id='block_1_2' title="bbox 135 228 989 1282">
    <p class='ocr_par' dir='ltr' id='par_1_2' title="bbox 135 228 814 300">
     <span class='ocr_line' id='line_1_2' title="bbox 135 228 814 300; baseline -0.009 -12"><span class='ocrx_word' id='word_1_6' title='bbox 135 234 191 288; x_wconf 82' lang='lat' dir='ltr'><strong>Seu</strong></span> <span class='ocrx_word' id='word_1_7' title='bbox 208 231 298 286; x_wconf 89' lang='lat' dir='ltr'><strong>mollis</strong></span> <span class='ocrx_word' id='word_1_8' title='bbox 316 231 410 300; x_wconf 87' lang='lat' dir='ltr'><strong>violae,</strong></span> <span class='ocrx_word' id='word_1_9' title='bbox 429 249 477 287; x_wconf 89' lang='lat' dir='ltr'><strong>seu</strong></span> <span class='ocrx_word' id='word_1_10' title='bbox 494 231 650 300; x_wconf 87' lang='lat' dir='ltr'><strong>languentis</strong></span> <span class='ocrx_word' id='word_1_11' title='bbox 667 228 814 299; x_wconf 79' lang='lat' dir='ltr'><strong>hyacinthi,</strong></span> 
     </span>
    </p>

    <p class='ocr_par' dir='ltr' id='par_1_3' title="bbox 135 304 989 462">
     <span class='ocr_line' id='line_1_3' title="bbox 136 304 989 377; baseline -0.004 -13"><span class='ocrx_word' id='word_1_12' title='bbox 136 308 187 364; x_wconf 75' lang='lat' dir='ltr'><strong>(lui</strong></span> <span class='ocrx_word' id='word_1_13' title='bbox 198 325 288 377; x_wconf 91' lang='lat' dir='ltr'><strong>neque</strong></span> <span class='ocrx_word' id='word_1_14' title='bbox 300 307 391 376; x_wconf 81' lang='lat' dir='ltr'>fulgor</span> <span class='ocrx_word' id='word_1_15' title='bbox 402 308 499 376; x_wconf 86' lang='lat' dir='ltr'><strong>adhue,</strong></span> <span class='ocrx_word' id='word_1_16' title='bbox 510 324 561 362; x_wconf 88' lang='lat' dir='ltr'><strong>nec</strong></span> <span class='ocrx_word' id='word_1_17' title='bbox 573 307 639 360; x_wconf 92' lang='lat' dir='ltr'><strong>dum</strong></span> <span class='ocrx_word' id='word_1_18' title='bbox 651 323 700 360; x_wconf 88' lang='lat' dir='ltr'><strong>sua</strong></span> <span class='ocrx_word' id='word_1_19' title='bbox 709 306 799 360; x_wconf 81' lang='lat' dir='ltr'><strong>iorum</strong></span> <span class='ocrx_word' id='word_1_20' title='bbox 809 304 941 370; x_wconf 86' lang='lat' dir='ltr'><strong>recessit;</strong></span> <span class='ocrx_word' id='word_1_21' title='bbox 962 319 989 361; x_wconf 76' lang='lat'><strong>7⁰</strong></span> 
     </span>
     <span class='ocr_line' id='line_1_4' title="bbox 135 381 897 462; baseline 0 -26"><span class='ocrx_word' id='word_1_22' title='bbox 135 383 160 436; x_wconf 89' lang='lat' dir='ltr'><strong>N</strong></span> <span class='ocrx_word' id='word_1_23' title='bbox 163 398 197 437; x_wconf 92' lang='lat' dir='ltr'><strong>on</strong></span> <span class='ocrx_word' id='word_1_24' title='bbox 215 383 270 436; x_wconf 88' lang='lat' dir='ltr'><strong>iam</strong></span> <span class='ocrx_word' id='word_1_25' title='bbox 287 387 377 438; x_wconf 90' lang='lat' dir='ltr'><strong>mater</strong></span> <span class='ocrx_word' id='word_1_26' title='bbox 394 384 444 438; x_wconf 87' lang='lat' dir='ltr'><strong>alit</strong></span> <span class='ocrx_word' id='word_1_27' title='bbox 461 383 550 452; x_wconf 90' lang='lat' dir='ltr'><strong>tellus,</strong></span> <span class='ocrx_word' id='word_1_28' title='bbox 568 381 688 450; x_wconf 85' lang='lat' dir='ltr'><strong>virisque</strong></span> <span class='ocrx_word' id='word_1_29' title='bbox 705 381 853 436; x_wconf 82' lang='lat' dir='ltr'><strong>ministrat</strong></span> <span class='ocrx_word' id='word_1_30' title='bbox 873 397 897 462; x_wconf 56' lang='lat' dir='ltr'><em>fl</em></span> 
     </span>
    </p>

    <p class='ocr_par' dir='ltr' id='par_1_4' title="bbox 135 457 869 602">
     <span class='ocr_line' id='line_1_5' title="bbox 135 457 869 528; baseline -0.003 -16"><span class='ocrx_word' id='word_1_31' title='bbox 135 459 204 512; x_wconf 91' lang='lat' dir='ltr'><strong>Tum</strong></span> <span class='ocrx_word' id='word_1_32' title='bbox 221 459 344 526; x_wconf 87' lang='lat' dir='ltr'><strong>geminas</strong></span> <span class='ocrx_word' id='word_1_33' title='bbox 361 462 451 512; x_wconf 87' lang='lat' dir='ltr'><strong>vestes</strong></span> <span class='ocrx_word' id='word_1_34' title='bbox 467 474 590 528; x_wconf 85' lang='lat' dir='ltr'><strong>auroque</strong></span> <span class='ocrx_word' id='word_1_35' title='bbox 606 462 735 525; x_wconf 90' lang='lat' dir='ltr'><strong>ostroque</strong></span> <span class='ocrx_word' id='word_1_36' title='bbox 752 457 869 525; x_wconf 86' lang='lat' dir='ltr'><strong>rigentis</strong></span> 
     </span>
     <span class='ocr_line' id='line_1_6' title="bbox 136 533 754 602; baseline -0.002 -16"><span class='ocrx_word' id='word_1_37' title='bbox 136 534 243 586; x_wconf 79' lang='lat' dir='ltr'>Extulit</span> <span class='ocrx_word' id='word_1_38' title='bbox 262 537 377 596; x_wconf 82' lang='lat' dir='ltr'><strong>Aeneas,</strong></span> <span class='ocrx_word' id='word_1_39' title='bbox 396 550 465 602; x_wconf 88' lang='lat' dir='ltr'><strong>quas</strong></span> <span class='ocrx_word' id='word_1_40' title='bbox 483 534 521 587; x_wconf 93' lang='lat' dir='ltr'><strong>illi</strong></span> <span class='ocrx_word' id='word_1_41' title='bbox 541 535 614 588; x_wconf 84' lang='lat' dir='ltr'><strong>laeta</strong></span> <span class='ocrx_word' id='word_1_42' title='bbox 631 533 754 586; x_wconf 89' lang='lat' dir='ltr'><strong>laborum</strong></span> 
     </span>
    </p>

    <p class='ocr_par' dir='ltr' id='par_1_5' title="bbox 137 608 794 678">
     <span class='ocr_line' id='line_1_7' title="bbox 137 608 794 678; baseline 0.002 -16"><span class='ocrx_word' id='word_1_43' title='bbox 137 610 202 678; x_wconf 91' lang='lat' dir='ltr'><strong>lpsa</strong></span> <span class='ocrx_word' id='word_1_44' title='bbox 220 609 276 662; x_wconf 89' lang='lat' dir='ltr'><strong>suis</strong></span> <span class='ocrx_word' id='word_1_45' title='bbox 294 609 431 678; x_wconf 80' lang='lat' dir='ltr'><strong>quondam</strong></span> <span class='ocrx_word' id='word_1_46' title='bbox 450 608 574 662; x_wconf 86' lang='lat' dir='ltr'><strong>manibus</strong></span> <span class='ocrx_word' id='word_1_47' title='bbox 592 609 702 664; x_wconf 82' lang='lat' dir='ltr'><strong>Sidonia</strong></span> <span class='ocrx_word' id='word_1_48' title='bbox 720 608 794 663; x_wconf 91' lang='lat' dir='ltr'><strong>Dido</strong></span> 
     </span>
    </p>

    <p class='ocr_par' dir='ltr' id='par_1_6' title="bbox 136 685 988 904">
     <span class='ocr_line' id='line_1_8' title="bbox 136 685 988 752; baseline 0.002 -14"><span class='ocrx_word' id='word_1_49' title='bbox 136 685 259 752; x_wconf 80' lang='lat' dir='ltr'><strong>Fecerat,</strong></span> <span class='ocrx_word' id='word_1_50' title='bbox 277 689 306 738; x_wconf 90' lang='lat' dir='ltr'><strong>et</strong></span> <span class='ocrx_word' id='word_1_51' title='bbox 324 686 400 738; x_wconf 89' lang='lat' dir='ltr'><strong>terrui</strong></span> <span class='ocrx_word' id='word_1_52' title='bbox 418 685 488 739; x_wconf 86' lang='lat' dir='ltr'><strong>telas</strong></span> <span class='ocrx_word' id='word_1_53' title='bbox 506 685 675 738; x_wconf 79' lang='lat' dir='ltr'><strong>discreverat</strong></span> <span class='ocrx_word' id='word_1_54' title='bbox 691 701 765 739; x_wconf 90' lang='lat' dir='ltr'><strong>auro.</strong></span> <span class='ocrx_word' id='word_1_55' title='bbox 962 697 988 740; x_wconf 77' lang='grc' dir='ltr'>π</span> 
     </span>
     <span class='ocr_line' id='line_1_9' title="bbox 139 761 915 830; baseline 0.003 -17"><span class='ocrx_word' id='word_1_56' title='bbox 139 761 243 813; x_wconf 86' lang='lat' dir='ltr'><strong>Harum</strong></span> <span class='ocrx_word' id='word_1_57' title='bbox 260 777 343 814; x_wconf 87' lang='lat' dir='ltr'><strong>unam</strong></span> <span class='ocrx_word' id='word_1_58' title='bbox 360 761 450 814; x_wconf 85' lang='lat' dir='ltr'><strong>iuveni</strong></span> <span class='ocrx_word' id='word_1_59' title='bbox 469 777 629 830; x_wconf 89' lang='lat' dir='ltr'><strong>supremum</strong></span> <span class='ocrx_word' id='word_1_60' title='bbox 646 763 767 814; x_wconf 86' lang='lat' dir='ltr'><strong>maestus</strong></span> <span class='ocrx_word' id='word_1_61' title='bbox 783 761 915 815; x_wconf 86' lang='lat' dir='ltr'><strong>honorem</strong></span> 
     </span>
     <span class='ocr_line' id='line_1_10' title="bbox 138 836 797 904; baseline 0.002 -16"><span class='ocrx_word' id='word_1_62' title='bbox 138 837 238 900; x_wconf 79' lang='lat' dir='ltr'><strong>Induit,</strong></span> <span class='ocrx_word' id='word_1_63' title='bbox 258 853 421 904; x_wconf 88' lang='lat' dir='ltr'><strong>arsurasque</strong></span> <span class='ocrx_word' id='word_1_64' title='bbox 439 853 529 890; x_wconf 82' lang='lat' dir='ltr'><strong>comas</strong></span> <span class='ocrx_word' id='word_1_65' title='bbox 547 836 662 890; x_wconf 88' lang='lat' dir='ltr'><strong>obnubit</strong></span> <span class='ocrx_word' id='word_1_66' title='bbox 679 837 797 901; x_wconf 84' lang='lat' dir='ltr'><strong>amictu;</strong></span> 
     </span>
    </p>

    <p class='ocr_par' dir='ltr' id='par_1_7' title="bbox 136 911 869 1055">
     <span class='ocr_line' id='line_1_11' title="bbox 136 911 869 980; baseline 0.004 -17"><span class='ocrx_word' id='word_1_67' title='bbox 136 911 279 980; x_wconf 86' lang='lat' dir='ltr'><strong>Multaque</strong></span> <span class='ocrx_word' id='word_1_68' title='bbox 296 915 441 979; x_wconf 88' lang='lat' dir='ltr'><strong>praeterea</strong></span> <span class='ocrx_word' id='word_1_69' title='bbox 459 912 605 966; x_wconf 81' lang='lat' dir='ltr'><strong>Laurentis</strong></span> <span class='ocrx_word' id='word_1_70' title='bbox 623 913 744 980; x_wconf 88' lang='lat' dir='ltr'><strong>praemia</strong></span> <span class='ocrx_word' id='word_1_71' title='bbox 761 928 869 980; x_wconf 80' lang='lat' dir='ltr'><strong>pugnae</strong></span> 
     </span>
     <span class='ocr_line' id='line_1_12' title="bbox 137 986 855 1055; baseline 0.006 -17"><span class='ocrx_word' id='word_1_72' title='bbox 137 988 266 1054; x_wconf 87' lang='lat' dir='ltr'><strong>Aggerat,</strong></span> <span class='ocrx_word' id='word_1_73' title='bbox 284 995 313 1040; x_wconf 89' lang='lat' dir='ltr'><strong>et</strong></span> <span class='ocrx_word' id='word_1_74' title='bbox 331 987 410 1055; x_wconf 91' lang='lat' dir='ltr'><strong>longo</strong></span> <span class='ocrx_word' id='word_1_75' title='bbox 427 986 558 1055; x_wconf 81' lang='lat' dir='ltr'><strong>praedam</strong></span> <span class='ocrx_word' id='word_1_76' title='bbox 575 987 653 1041; x_wconf 90' lang='lat' dir='ltr'><strong>iubet</strong></span> <span class='ocrx_word' id='word_1_77' title='bbox 671 987 765 1040; x_wconf 88' lang='lat' dir='ltr'><strong>ordine</strong></span> <span class='ocrx_word' id='word_1_78' title='bbox 784 988 855 1042; x_wconf 86' lang='lat' dir='ltr'><strong>duci.</strong></span> 
     </span>
    </p>

    <p class='ocr_par' dir='ltr' id='par_1_8' title="bbox 137 1062 987 1282">
     <span class='ocr_line' id='line_1_13' title="bbox 137 1062 987 1131; baseline 0.002 -16"><span class='ocrx_word' id='word_1_79' title='bbox 137 1062 225 1116; x_wconf 90' lang='lat' dir='ltr'><strong>Addit</strong></span> <span class='ocrx_word' id='word_1_80' title='bbox 243 1079 327 1131; x_wconf 89' lang='lat' dir='ltr'><strong>equos</strong></span> <span class='ocrx_word' id='word_1_81' title='bbox 344 1066 375 1116; x_wconf 91' lang='lat' dir='ltr'><strong>et</strong></span> <span class='ocrx_word' id='word_1_82' title='bbox 391 1063 454 1129; x_wconf 83' lang='lat' dir='ltr'><strong>tela,</strong></span> <span class='ocrx_word' id='word_1_83' title='bbox 472 1063 571 1131; x_wconf 89' lang='lat' dir='ltr'><strong>quihus</strong></span> <span class='ocrx_word' id='word_1_84' title='bbox 589 1063 753 1131; x_wconf 75' lang='lat' dir='ltr'><strong>spoliaverat</strong></span> <span class='ocrx_word' id='word_1_85' title='bbox 769 1063 884 1116; x_wconf 83' lang='lat' dir='ltr'><strong>hostem.</strong></span> <span class='ocrx_word' id='word_1_86' title='bbox 960 1078 987 1117; x_wconf 86' lang='lat' dir='ltr'><strong>so</strong></span> 
     </span>
     <span class='ocr_line' id='line_1_14' title="bbox 138 1138 969 1207; baseline 0.002 -17"><span class='ocrx_word' id='word_1_87' title='bbox 138 1139 269 1192; x_wconf 83' lang='lat' dir='ltr'><strong>Vinxerat</strong></span> <span class='ocrx_word' id='word_1_88' title='bbox 286 1143 315 1192; x_wconf 91' lang='lat' dir='ltr'><strong>et</strong></span> <span class='ocrx_word' id='word_1_89' title='bbox 333 1141 395 1206; x_wconf 91' lang='lat' dir='ltr'><strong>post</strong></span> <span class='ocrx_word' id='word_1_90' title='bbox 412 1141 492 1206; x_wconf 87' lang='lat' dir='ltr'><strong>terga</strong></span> <span class='ocrx_word' id='word_1_91' title='bbox 509 1155 612 1204; x_wconf 88' lang='lat' dir='ltr'><strong>manus,</strong></span> <span class='ocrx_word' id='word_1_92' title='bbox 632 1156 700 1207; x_wconf 90' lang='lat' dir='ltr'><strong>quos</strong></span> <span class='ocrx_word' id='word_1_93' title='bbox 718 1139 842 1192; x_wconf 89' lang='lat' dir='ltr'><strong>mitteret</strong></span> <span class='ocrx_word' id='word_1_94' title='bbox 860 1138 969 1192; x_wconf 86' lang='lat' dir='ltr'><strong>umbris</strong></span> 
     </span>
     <span class='ocr_line' id='line_1_15' title="bbox 137 1214 833 1282; baseline 0.003 -16"><span class='ocrx_word' id='word_1_95' title='bbox 137 1215 257 1281; x_wconf 83' lang='lat' dir='ltr'><strong>Inferias,</strong></span> <span class='ocrx_word' id='word_1_96' title='bbox 276 1231 355 1268; x_wconf 88' lang='lat' dir='ltr'><strong>caeso</strong></span> <span class='ocrx_word' id='word_1_97' title='bbox 373 1231 518 1282; x_wconf 89' lang='lat' dir='ltr'><strong>sparsurus</strong></span> <span class='ocrx_word' id='word_1_98' title='bbox 536 1214 666 1282; x_wconf 87' lang='lat' dir='ltr'><strong>sanguine</strong></span> <span class='ocrx_word' id='word_1_99' title='bbox 683 1214 833 1278; x_wconf 84' lang='lat' dir='ltr'><strong>flarnmam;</strong></span> 
     </span>
    </p>
   </div>
   <div class='ocr_carea' id='block_1_3' title="bbox 53 1289 793 1358">
    <p class='ocr_par' dir='ltr' id='par_1_9' title="bbox 53 1289 793 1358">
     <span class='ocr_line' id='line_1_16' title="bbox 53 1289 793 1358; baseline 0 -16"><span class='ocrx_word' id='word_1_100' title='bbox 53 1321 57 1330; x_wconf 94' lang='lat'><em>·</em></span> <span class='ocrx_word' id='word_1_101' title='bbox 137 1291 308 1358; x_wconf 90' lang='lat' dir='ltr'><strong>Indutosque</strong></span> <span class='ocrx_word' id='word_1_102' title='bbox 325 1289 402 1344; x_wconf 90' lang='lat' dir='ltr'><strong>iubet</strong></span> <span class='ocrx_word' id='word_1_103' title='bbox 420 1293 531 1342; x_wconf 90' lang='lat' dir='ltr'><strong>truncos</strong></span> <span class='ocrx_word' id='word_1_104' title='bbox 548 1289 693 1343; x_wconf 89' lang='lat' dir='ltr'><strong>hostilibus</strong></span> <span class='ocrx_word' id='word_1_105' title='bbox 710 1290 793 1344; x_wconf 87' lang='lat' dir='ltr'><strong>armis</strong></span> 
     </span>
    </p>
   </div>
   <div class='ocr_carea' id='block_1_4' title="bbox 134 1365 987 2270">
    <p class='ocr_par' dir='ltr' id='par_1_10' title="bbox 136 1365 789 1436">
     <span class='ocr_line' id='line_1_17' title="bbox 136 1365 789 1436; baseline -0.003 -16"><span class='ocrx_word' id='word_1_106' title='bbox 136 1366 215 1436; x_wconf 91' lang='lat' dir='ltr'><strong>lpsos</strong></span> <span class='ocrx_word' id='word_1_107' title='bbox 232 1367 305 1420; x_wconf 84' lang='lat' dir='ltr'><strong>ferre</strong></span> <span class='ocrx_word' id='word_1_108' title='bbox 322 1367 412 1430; x_wconf 76' lang='lat' dir='ltr'><strong>duces</strong></span> <span class='ocrx_word' id='word_1_109' title='bbox 429 1365 591 1433; x_wconf 88' lang='lat' dir='ltr'><strong>inimicaque</strong></span> <span class='ocrx_word' id='word_1_110' title='bbox 609 1366 718 1419; x_wconf 89' lang='lat' dir='ltr'><strong>nomina</strong></span> <span class='ocrx_word' id='word_1_111' title='bbox 735 1366 789 1434; x_wconf 90' lang='lat' dir='ltr'><strong>ligi.</strong></span> 
     </span>
    </p>

    <p class='ocr_par' dir='ltr' id='par_1_11' title="bbox 137 1441 987 1510">
     <span class='ocr_line' id='line_1_18' title="bbox 137 1441 987 1510; baseline 0.002 -14"><span class='ocrx_word' id='word_1_112' title='bbox 137 1443 253 1496; x_wconf 84' lang='lat' dir='ltr'><strong>Ducitur</strong></span> <span class='ocrx_word' id='word_1_113' title='bbox 270 1442 364 1495; x_wconf 84' lang='lat' dir='ltr'><strong>infelix</strong></span> <span class='ocrx_word' id='word_1_114' title='bbox 383 1458 449 1495; x_wconf 84' lang='lat' dir='ltr'><strong>aevo</strong></span> <span class='ocrx_word' id='word_1_115' title='bbox 467 1441 606 1494; x_wconf 82' lang='lat' dir='ltr'><strong>coniectus</strong></span> <span class='ocrx_word' id='word_1_116' title='bbox 625 1444 751 1510; x_wconf 86' lang='lat' dir='ltr'><strong>Acoetes,</strong></span> <span class='ocrx_word' id='word_1_117' title='bbox 960 1458 987 1498; x_wconf 80' lang='lat' dir='ltr'><strong>ss</strong></span> 
     </span>
    </p>

    <p class='ocr_par' dir='ltr' id='par_1_12' title="bbox 136 1517 913 1586">
     <span class='ocr_line' id='line_1_19' title="bbox 136 1517 913 1586; baseline 0.004 -16"><span class='ocrx_word' id='word_1_118' title='bbox 136 1519 250 1571; x_wconf 88' lang='lat' dir='ltr'><strong>Pectora</strong></span> <span class='ocrx_word' id='word_1_119' title='bbox 267 1534 339 1570; x_wconf 87' lang='lat' dir='ltr'><strong>nunc</strong></span> <span class='ocrx_word' id='word_1_120' title='bbox 355 1517 469 1570; x_wconf 79' lang='lat' dir='ltr'><strong>foedans</strong></span> <span class='ocrx_word' id='word_1_121' title='bbox 485 1517 590 1586; x_wconf 89' lang='lat' dir='ltr'><strong>pugnis,</strong></span> <span class='ocrx_word' id='word_1_122' title='bbox 608 1534 679 1570; x_wconf 89' lang='lat' dir='ltr'><strong>nune</strong></span> <span class='ocrx_word' id='word_1_123' title='bbox 697 1517 834 1585; x_wconf 85' lang='lat' dir='ltr'><strong>unguibus</strong></span> <span class='ocrx_word' id='word_1_124' title='bbox 851 1535 913 1583; x_wconf 81' lang='lat' dir='ltr'><strong>ora3</strong></span> 
     </span>
    </p>

    <p class='ocr_par' dir='ltr' id='par_1_13' title="bbox 137 1594 809 1662">
     <span class='ocr_line' id='line_1_20' title="bbox 137 1594 809 1662; baseline 0.006 -17"><span class='ocrx_word' id='word_1_125' title='bbox 137 1594 284 1659; x_wconf 85' lang='lat' dir='ltr'><strong>Sternitur,</strong></span> <span class='ocrx_word' id='word_1_126' title='bbox 303 1597 332 1646; x_wconf 90' lang='lat' dir='ltr'><strong>et</strong></span> <span class='ocrx_word' id='word_1_127' title='bbox 350 1596 408 1646; x_wconf 91' lang='lat' dir='ltr'><strong>toto</strong></span> <span class='ocrx_word' id='word_1_128' title='bbox 426 1595 563 1661; x_wconf 89' lang='lat' dir='ltr'><strong>proiectus</strong></span> <span class='ocrx_word' id='word_1_129' title='bbox 581 1610 693 1662; x_wconf 90' lang='lat' dir='ltr'><strong>corpore</strong></span> <span class='ocrx_word' id='word_1_130' title='bbox 711 1597 809 1649; x_wconf 87' lang='lat' dir='ltr'><strong>terrae.</strong></span> 
     </span>
    </p>

    <p class='ocr_par' dir='ltr' id='par_1_14' title="bbox 135 1668 823 1736">
     <span class='ocr_line' id='line_1_21' title="bbox 135 1668 823 1736; baseline 0.003 -15"><span class='ocrx_word' id='word_1_131' title='bbox 135 1669 244 1721; x_wconf 87' lang='lat' dir='ltr'><strong>Ducunt</strong></span> <span class='ocrx_word' id='word_1_132' title='bbox 262 1675 291 1721; x_wconf 91' lang='lat' dir='ltr'><strong>et</strong></span> <span class='ocrx_word' id='word_1_133' title='bbox 311 1668 414 1721; x_wconf 83' lang='lat' dir='ltr'><strong>ltutulo</strong></span> <span class='ocrx_word' id='word_1_134' title='bbox 431 1670 556 1736; x_wconf 76' lang='lat' dir='ltr'><strong>perfusos</strong></span> <span class='ocrx_word' id='word_1_135' title='bbox 574 1669 704 1736; x_wconf 89' lang='lat' dir='ltr'><strong>sanguine</strong></span> <span class='ocrx_word' id='word_1_136' title='bbox 721 1687 823 1723; x_wconf 84' lang='lat' dir='ltr'><strong>currus</strong></span> 
     </span>
    </p>

    <p class='ocr_par' dir='ltr' id='par_1_15' title="bbox 135 1743 874 1814">
     <span class='ocr_line' id='line_1_22' title="bbox 135 1743 874 1814; baseline 0.005 -18"><span class='ocrx_word' id='word_1_137' title='bbox 135 1743 202 1798; x_wconf 83' lang='lat' dir='ltr'><strong>Post</strong></span> <span class='ocrx_word' id='word_1_138' title='bbox 221 1744 335 1798; x_wconf 88' lang='lat' dir='ltr'><strong>bellator</strong></span> <span class='ocrx_word' id='word_1_139' title='bbox 352 1761 445 1812; x_wconf 88' lang='lat' dir='ltr'><strong>equus,</strong></span> <span class='ocrx_word' id='word_1_140' title='bbox 464 1745 565 1810; x_wconf 80' lang='lat' dir='ltr'><strong>positis</strong></span> <span class='ocrx_word' id='word_1_141' title='bbox 578 1744 737 1814; x_wconf 78' lang='lat' dir='ltr'><strong>insignibus,</strong></span> <span class='ocrx_word' id='word_1_142' title='bbox 757 1746 874 1813; x_wconf 89' lang='lat' dir='ltr'><strong>Aethon,</strong></span> 
     </span>
    </p>

    <p class='ocr_par' dir='ltr' id='par_1_16' title="bbox 135 1820 986 1888">
     <span class='ocr_line' id='line_1_23' title="bbox 135 1820 986 1888; baseline 0.005 -14"><span class='ocrx_word' id='word_1_143' title='bbox 135 1821 164 1874; x_wconf 95' lang='lat' dir='ltr'><strong>It</strong></span> <span class='ocrx_word' id='word_1_144' title='bbox 181 1821 332 1888; x_wconf 87' lang='lat' dir='ltr'><strong>lacrimans,</strong></span> <span class='ocrx_word' id='word_1_145' title='bbox 349 1820 491 1888; x_wconf 85' lang='lat' dir='ltr'><strong>guttisque</strong></span> <span class='ocrx_word' id='word_1_146' title='bbox 509 1820 650 1875; x_wconf 85' lang='lat' dir='ltr'><strong>humectat</strong></span> <span class='ocrx_word' id='word_1_147' title='bbox 667 1821 818 1888; x_wconf 80' lang='lat' dir='ltr'><strong>grandibus</strong></span> <span class='ocrx_word' id='word_1_148' title='bbox 835 1839 889 1876; x_wconf 83' lang='lat' dir='ltr'><strong>ora.</strong></span> <span class='ocrx_word' id='word_1_149' title='bbox 958 1838 986 1878; x_wconf 83' lang='lat' dir='ltr'><strong>aa</strong></span> 
     </span>
    </p>

    <p class='ocr_par' dir='ltr' id='par_1_17' title="bbox 135 1895 933 1964">
     <span class='ocr_line' id='line_1_24' title="bbox 135 1895 933 1964; baseline 0.005 -16"><span class='ocrx_word' id='word_1_150' title='bbox 135 1897 251 1950; x_wconf 85' lang='lat' dir='ltr'><strong>Hastam</strong></span> <span class='ocrx_word' id='word_1_151' title='bbox 270 1897 315 1949; x_wconf 89' lang='lat' dir='ltr'><strong>alii</strong></span> <span class='ocrx_word' id='word_1_152' title='bbox 327 1895 493 1964; x_wconf 74' lang='lat' dir='ltr'><strong>&#39;galeamque</strong></span> <span class='ocrx_word' id='word_1_153' title='bbox 511 1897 618 1960; x_wconf 75' lang='lat' dir='ltr'><strong>icrunt,</strong></span> <span class='ocrx_word' id='word_1_154' title='bbox 635 1913 697 1948; x_wconf 88' lang='lat' dir='ltr'><strong>nam</strong></span> <span class='ocrx_word' id='word_1_155' title='bbox 716 1900 808 1952; x_wconf 88' lang='lat' dir='ltr'><strong>cetera</strong></span> <span class='ocrx_word' id='word_1_156' title='bbox 826 1898 933 1952; x_wconf 86' lang='lat' dir='ltr'><strong>Turnus</strong></span> 
     </span>
    </p>

    <p class='ocr_par' dir='ltr' id='par_1_18' title="bbox 134 1970 985 2117">
     <span class='ocr_line' id='line_1_25' title="bbox 134 1970 985 2041; baseline 0.004 -17"><span class='ocrx_word' id='word_1_157' title='bbox 134 1970 229 2024; x_wconf 87' lang='lat' dir='ltr'><strong>Victor</strong></span> <span class='ocrx_word' id='word_1_158' title='bbox 258 1971 347 2026; x_wconf 87' lang='lat' dir='ltr'><strong>habet.</strong></span> <span class='ocrx_word' id='word_1_159' title='bbox 384 1970 453 2024; x_wconf 93' lang='lat' dir='ltr'><strong>Tum</strong></span> <span class='ocrx_word' id='word_1_160' title='bbox 481 1974 586 2024; x_wconf 87' lang='lat' dir='ltr'><strong>maesta</strong></span> <span class='ocrx_word' id='word_1_161' title='bbox 613 1971 731 2040; x_wconf 82' lang='lat' dir='ltr'><strong>phalanx</strong></span> <span class='ocrx_word' id='word_1_162' title='bbox 760 1972 911 2041; x_wconf 81' lang='lat' dir='ltr'><strong>Teucrique</strong></span> <span class='ocrx_word' id='word_1_163' title='bbox 942 1991 985 2027; x_wconf 88' lang='lat' dir='ltr'><strong>se-</strong></span> 
     </span>
     <span class='ocr_line' id='line_1_26' title="bbox 203 2052 673 2117; baseline 0.013 -17"><span class='ocrx_word' id='word_1_164' title='bbox 203 2052 324 2117; x_wconf 90' lang='lat' dir='ltr'><strong>quuntur</strong></span> <span class='ocrx_word' id='word_1_165' title='bbox 670 2099 673 2106; x_wconf 89' lang='lat'><em>.</em></span> 
     </span>
    </p>

    <p class='ocr_par' dir='ltr' id='par_1_19' title="bbox 134 2124 831 2193">
     <span class='ocr_line' id='line_1_27' title="bbox 134 2124 831 2193; baseline 0.003 -16"><span class='ocrx_word' id='word_1_166' title='bbox 134 2124 320 2193; x_wconf 79' lang='lat' dir='ltr'><strong>Tyrrhenique</strong></span> <span class='ocrx_word' id='word_1_167' title='bbox 339 2142 433 2180; x_wconf 91' lang='lat' dir='ltr'><strong>omnes</strong></span> <span class='ocrx_word' id='word_1_168' title='bbox 451 2129 480 2179; x_wconf 90' lang='lat' dir='ltr'><strong>et</strong></span> <span class='ocrx_word' id='word_1_169' title='bbox 498 2125 584 2178; x_wconf 86' lang='lat' dir='ltr'><strong>versis</strong></span> <span class='ocrx_word' id='word_1_170' title='bbox 602 2125 725 2179; x_wconf 88' lang='lat' dir='ltr'><strong>Arcades</strong></span> <span class='ocrx_word' id='word_1_171' title='bbox 742 2127 831 2180; x_wconf 89' lang='lat' dir='ltr'><strong>armis.</strong></span> 
     </span>
    </p>

    <p class='ocr_par' dir='ltr' id='par_1_20' title="bbox 134 2200 913 2270">
     <span class='ocr_line' id='line_1_28' title="bbox 134 2200 913 2270; baseline 0.004 -17"><span class='ocrx_word' id='word_1_172' title='bbox 134 2201 283 2268; x_wconf 89' lang='lat' dir='ltr'><strong>Postquam</strong></span> <span class='ocrx_word' id='word_1_173' title='bbox 301 2201 387 2254; x_wconf 89' lang='lat' dir='ltr'><strong>omnis</strong></span> <span class='ocrx_word' id='word_1_174' title='bbox 405 2201 485 2270; x_wconf 91' lang='lat' dir='ltr'><strong>longe</strong></span> <span class='ocrx_word' id='word_1_175' title='bbox 503 2200 631 2254; x_wconf 90' lang='lat' dir='ltr'><strong>comitum</strong></span> <span class='ocrx_word' id='word_1_176' title='bbox 650 2205 820 2269; x_wconf 85' lang='lat' dir='ltr'><strong>processerat</strong></span> <span class='ocrx_word' id='word_1_177' title='bbox 837 2203 913 2270; x_wconf 86' lang='lat' dir='ltr'><strong>ordo,</strong></span> 
     </span>
    </p>
   </div>
   <div class='ocr_carea' id='block_1_5' title="bbox 133 2227 1079 2498">
    <p class='ocr_par' dir='ltr' id='par_1_21' title="bbox 133 2227 1079 2498">
     <span class='ocr_line' id='line_1_29' title="bbox 133 2227 1079 2345; baseline 0.006 -17"><span class='ocrx_word' id='word_1_178' title='bbox 133 2275 264 2328; x_wconf 82' lang='lat' dir='ltr'><strong>Substitit</strong></span> <span class='ocrx_word' id='word_1_179' title='bbox 284 2277 399 2342; x_wconf 86' lang='lat' dir='ltr'><strong>Aeneas,</strong></span> <span class='ocrx_word' id='word_1_180' title='bbox 417 2277 577 2345; x_wconf 85' lang='lat' dir='ltr'><strong>gemituque</strong></span> <span class='ocrx_word' id='word_1_181' title='bbox 594 2275 662 2329; x_wconf 90' lang='lat' dir='ltr'><strong>haec</strong></span> <span class='ocrx_word' id='word_1_182' title='bbox 679 2276 788 2330; x_wconf 85' lang='lat' dir='ltr'><strong>addidit</strong></span> <span class='ocrx_word' id='word_1_183' title='bbox 805 2277 876 2332; x_wconf 89' lang='lat' dir='ltr'><strong>alto:</strong></span> <span class='ocrx_word' id='word_1_184' title='bbox 960 2293 989 2333; x_wconf 77' lang='lat' dir='ltr'><strong>st</strong></span> <span class='ocrx_word' id='word_1_185' title='bbox 1077 2227 1079 2288; x_wconf 37' lang='grc' dir='ltr'><em>ξ</em></span> 
     </span>
     <span class='ocr_line' id='line_1_30' title="bbox 135 2350 878 2406; baseline 0.005 -4"><span class='ocrx_word' id='word_1_186' title='bbox 135 2350 191 2402; x_wconf 89' lang='lat' dir='ltr'><strong>Nos</strong></span> <span class='ocrx_word' id='word_1_187' title='bbox 208 2350 276 2404; x_wconf 87' lang='lat' dir='ltr'><strong>alias</strong></span> <span class='ocrx_word' id='word_1_188' title='bbox 293 2351 356 2405; x_wconf 90' lang='lat' dir='ltr'><strong>hinc</strong></span> <span class='ocrx_word' id='word_1_189' title='bbox 374 2352 410 2404; x_wconf 90' lang='lat' dir='ltr'><strong>ad</strong></span> <span class='ocrx_word' id='word_1_190' title='bbox 428 2352 553 2406; x_wconf 86' lang='lat' dir='ltr'><strong>lacrimas</strong></span> <span class='ocrx_word' id='word_1_191' title='bbox 571 2352 667 2405; x_wconf 88' lang='lat' dir='ltr'><strong>eadem</strong></span> <span class='ocrx_word' id='word_1_192' title='bbox 685 2351 797 2406; x_wconf 89' lang='lat' dir='ltr'><strong>horrida</strong></span> <span class='ocrx_word' id='word_1_193' title='bbox 813 2352 878 2406; x_wconf 90' lang='lat' dir='ltr'><strong>belli</strong></span> 
     </span>
     <span class='ocr_line' id='line_1_31' title="bbox 135 2425 923 2498; baseline 0.004 -19"><span class='ocrx_word' id='word_1_194' title='bbox 135 2425 203 2498; x_wconf 68' lang='lat' dir='ltr'><strong>lt&#39;ata</strong></span> <span class='ocrx_word' id='word_1_195' title='bbox 219 2431 331 2480; x_wconf 87' lang='lat' dir='ltr'><strong>vocant:</strong></span> <span class='ocrx_word' id='word_1_196' title='bbox 350 2427 423 2480; x_wconf 84' lang='lat' dir='ltr'><strong>salve</strong></span> <span class='ocrx_word' id='word_1_197' title='bbox 442 2432 584 2481; x_wconf 87' lang='lat' dir='ltr'><strong>aeternum</strong></span> <span class='ocrx_word' id='word_1_198' title='bbox 602 2427 818 2491; x_wconf 65' lang='lat' dir='ltr'><strong>minimarum</strong></span> <span class='ocrx_word' id='word_1_199' title='bbox 837 2429 923 2496; x_wconf 87' lang='lat' dir='ltr'><strong>Palla,</strong></span> 
     </span>
    </p>
   </div>
   <div class='ocr_carea' id='block_1_6' title="bbox 132 2503 1061 3178">
    <p class='ocr_par' dir='ltr' id='par_1_22' title="bbox 132 2503 1061 3178">
     <span class='ocr_line' id='line_1_32' title="bbox 134 2503 874 2572; baseline 0.001 -16"><span class='ocrx_word' id='word_1_200' title='bbox 134 2504 342 2572; x_wconf 86' lang='lat' dir='ltr'><strong>Aeternumque</strong></span> <span class='ocrx_word' id='word_1_201' title='bbox 359 2504 429 2558; x_wconf 85' lang='lat' dir='ltr'><strong>vale.</strong></span> <span class='ocrx_word' id='word_1_202' title='bbox 463 2504 488 2556; x_wconf 93' lang='lat' dir='ltr'>N</span> <span class='ocrx_word' id='word_1_203' title='bbox 491 2521 521 2557; x_wconf 91' lang='lat' dir='ltr'><strong>ec</strong></span> <span class='ocrx_word' id='word_1_204' title='bbox 539 2503 617 2572; x_wconf 88' lang='lat' dir='ltr'><strong>plura</strong></span> <span class='ocrx_word' id='word_1_205' title='bbox 634 2503 732 2557; x_wconf 81' lang='lat' dir='ltr'><strong>effatus</strong></span> <span class='ocrx_word' id='word_1_206' title='bbox 750 2505 785 2557; x_wconf 89' lang='lat' dir='ltr'><strong>ad</strong></span> <span class='ocrx_word' id='word_1_207' title='bbox 803 2505 874 2558; x_wconf 92' lang='lat' dir='ltr'><strong>altos</strong></span> 
     </span>
     <span class='ocr_line' id='line_1_33' title="bbox 133 2578 873 2649; baseline 0.001 -17"><span class='ocrx_word' id='word_1_208' title='bbox 133 2578 276 2633; x_wconf 86' lang='lat' dir='ltr'><strong>Tendebat</strong></span> <span class='ocrx_word' id='word_1_209' title='bbox 293 2596 393 2649; x_wconf 86' lang='lat' dir='ltr'><strong>muros,</strong></span> <span class='ocrx_word' id='word_1_210' title='bbox 410 2595 589 2648; x_wconf 86' lang='lat' dir='ltr'><strong>gressumque</strong></span> <span class='ocrx_word' id='word_1_211' title='bbox 607 2578 635 2631; x_wconf 90' lang='lat' dir='ltr'><strong>in</strong></span> <span class='ocrx_word' id='word_1_212' title='bbox 653 2581 742 2634; x_wconf 83' lang='lat' dir='ltr'><strong>castra</strong></span> <span class='ocrx_word' id='word_1_213' title='bbox 758 2579 873 2634; x_wconf 82' lang='lat' dir='ltr'><strong>serebat</strong></span> 
     </span>
     <span class='ocr_line' id='line_1_34' title="bbox 168 2654 990 2724; baseline 0.005 -16"><span class='ocrx_word' id='word_1_214' title='bbox 168 2654 284 2724; x_wconf 91' lang='lat' dir='ltr'><strong>Iamque</strong></span> <span class='ocrx_word' id='word_1_215' title='bbox 302 2659 424 2710; x_wconf 90' lang='lat' dir='ltr'><strong>oratores</strong></span> <span class='ocrx_word' id='word_1_216' title='bbox 441 2657 557 2709; x_wconf 83' lang='lat' dir='ltr'><strong>aderant</strong></span> <span class='ocrx_word' id='word_1_217' title='bbox 575 2671 610 2708; x_wconf 84' lang='lat' dir='ltr'><strong>ex</strong></span> <span class='ocrx_word' id='word_1_218' title='bbox 627 2656 697 2708; x_wconf 90' lang='lat' dir='ltr'><strong>urbe</strong></span> <span class='ocrx_word' id='word_1_219' title='bbox 716 2655 820 2722; x_wconf 89' lang='lat' dir='ltr'><strong>Latina,</strong></span> <span class='ocrx_word' id='word_1_220' title='bbox 949 2671 990 2712; x_wconf 83' lang='grc' dir='ltr'><strong>ιω</strong></span> 
     </span>
     <span class='ocr_line' id='line_1_35' title="bbox 132 2728 765 2800; baseline 0.005 -18"><span class='ocrx_word' id='word_1_221' title='bbox 132 2728 226 2784; x_wconf 83' lang='lat' dir='ltr'><strong>Velati</strong></span> <span class='ocrx_word' id='word_1_222' title='bbox 244 2732 326 2784; x_wconf 88' lang='lat' dir='ltr'><strong>ramis</strong></span> <span class='ocrx_word' id='word_1_223' title='bbox 344 2732 427 2796; x_wconf 88' lang='lat' dir='ltr'><strong>oleae,</strong></span> <span class='ocrx_word' id='word_1_224' title='bbox 446 2731 606 2800; x_wconf 86' lang='lat' dir='ltr'><strong>veniamque</strong></span> <span class='ocrx_word' id='word_1_225' title='bbox 625 2734 765 2798; x_wconf 84' lang='lat' dir='ltr'><strong>rogantes:</strong></span> 
     </span>
     <span class='ocr_line' id='line_1_36' title="bbox 133 2806 859 2877; baseline 0.006 -19"><span class='ocrx_word' id='word_1_226' title='bbox 133 2807 260 2874; x_wconf 80' lang='lat' dir='ltr'><strong>Corpora,</strong></span> <span class='ocrx_word' id='word_1_227' title='bbox 279 2824 329 2874; x_wconf 90' lang='lat' dir='ltr'><strong>per·</strong></span> <span class='ocrx_word' id='word_1_228' title='bbox 346 2824 455 2877; x_wconf 91' lang='lat' dir='ltr'><strong>campos</strong></span> <span class='ocrx_word' id='word_1_229' title='bbox 472 2809 544 2861; x_wconf 81' lang='lat' dir='ltr'><strong>ferro</strong></span> <span class='ocrx_word' id='word_1_230' title='bbox 563 2822 633 2874; x_wconf 90' lang='lat' dir='ltr'><strong>quae</strong></span> <span class='ocrx_word' id='word_1_231' title='bbox 650 2806 711 2860; x_wconf 81' lang='lat' dir='ltr'><strong>susa</strong></span> <span class='ocrx_word' id='word_1_232' title='bbox 728 2808 859 2875; x_wconf 79' lang='lat' dir='ltr'><strong>iacebant,</strong></span> 
     </span>
     <span class='ocr_line' id='line_1_37' title="bbox 134 2880 866 2949; baseline 0.008 -18"><span class='ocrx_word' id='word_1_233' title='bbox 134 2880 283 2946; x_wconf 77' lang='lat' dir='ltr'><strong>Redderet,</strong></span> <span class='ocrx_word' id='word_1_234' title='bbox 301 2897 333 2933; x_wconf 90' lang='lat' dir='ltr'><strong>ac</strong></span> <span class='ocrx_word' id='word_1_235' title='bbox 350 2883 456 2936; x_wconf 90' lang='lat' dir='ltr'><strong>tumulo</strong></span> <span class='ocrx_word' id='word_1_236' title='bbox 473 2883 576 2936; x_wconf 87' lang='lat' dir='ltr'><strong>sineret</strong></span> <span class='ocrx_word' id='word_1_237' title='bbox 595 2881 741 2936; x_wconf 84' lang='lat' dir='ltr'><strong>succedere</strong></span> <span class='ocrx_word' id='word_1_238' title='bbox 759 2888 866 2949; x_wconf 60' lang='lat' dir='ltr'><strong>terram</strong></span> 
     </span>
     <span class='ocr_line' id='line_1_38' title="bbox 135 2953 871 3025; baseline 0.011 -21"><span class='ocrx_word' id='word_1_239' title='bbox 135 2953 245 3006; x_wconf 80' lang='lat' dir='ltr'><strong>Nullum</strong></span> <span class='ocrx_word' id='word_1_240' title='bbox 263 2971 325 3007; x_wconf 91' lang='lat' dir='ltr'><strong>cum</strong></span> <span class='ocrx_word' id='word_1_241' title='bbox 343 2957 422 3010; x_wconf 88' lang='lat' dir='ltr'><strong>victis</strong></span> <span class='ocrx_word' id='word_1_242' title='bbox 440 2961 579 3012; x_wconf 88' lang='lat' dir='ltr'><strong>certamen</strong></span> <span class='ocrx_word' id='word_1_243' title='bbox 598 2960 626 3009; x_wconf 88' lang='lat' dir='ltr'><strong>et</strong></span> <span class='ocrx_word' id='word_1_244' title='bbox 644 2957 755 3012; x_wconf 85' lang='lat' dir='ltr'><strong>aethere</strong></span> <span class='ocrx_word' id='word_1_245' title='bbox 773 2961 871 3025; x_wconf 85' lang='lat' dir='ltr'><strong>eassis;</strong></span> 
     </span>
     <span class='ocr_line' id='line_1_39' title="bbox 133 3025 1061 3102; baseline 0.017 -26"><span class='ocrx_word' id='word_1_246' title='bbox 133 3025 262 3082; x_wconf 84' lang='lat' dir='ltr'><strong>Parceret</strong></span> <span class='ocrx_word' id='word_1_247' title='bbox 278 3029 432 3097; x_wconf 90' lang='lat' dir='ltr'><strong>hospitibus</strong></span> <span class='ocrx_word' id='word_1_248' title='bbox 450 3032 586 3099; x_wconf 88' lang='lat' dir='ltr'><strong>quondam</strong></span> <span class='ocrx_word' id='word_1_249' title='bbox 605 3032 760 3102; x_wconf 86' lang='lat' dir='ltr'><strong>socerisque</strong></span> <span class='ocrx_word' id='word_1_250' title='bbox 779 3035 889 3089; x_wconf 86' lang='lat' dir='ltr'><strong>vocatis</strong></span> <span class='ocrx_word' id='word_1_251' title='bbox 951 3051 988 3092; x_wconf 79' lang='lat' dir='ltr'><strong>ros</strong></span> <span class='ocrx_word' id='word_1_252' title='bbox 1060 3089 1061 3092; x_wconf 76' lang='grc'>,</span> 
     </span>
     <span class='ocr_line' id='line_1_40' title="bbox 132 3100 890 3178; baseline 0.02 -28"><span class='ocrx_word' id='word_1_253' title='bbox 132 3100 206 3161; x_wconf 83' lang='lat' dir='ltr'><strong>Quos</strong></span> <span class='ocrx_word' id='word_1_254' title='bbox 222 3101 310 3154; x_wconf 90' lang='lat' dir='ltr'><strong>bonus</strong></span> <span class='ocrx_word' id='word_1_255' title='bbox 329 3107 445 3173; x_wconf 89' lang='lat' dir='ltr'><strong>Aeneas,</strong></span> <span class='ocrx_word' id='word_1_256' title='bbox 463 3106 536 3158; x_wconf 86' lang='lat' dir='ltr'><strong>haud</strong></span> <span class='ocrx_word' id='word_1_257' title='bbox 554 3107 726 3171; x_wconf 86' lang='lat' dir='ltr'><strong>aspernanda</strong></span> <span class='ocrx_word' id='word_1_258' title='bbox 744 3111 890 3178; x_wconf 87' lang='lat' dir='ltr'><strong>precantis,</strong></span> 
     </span>
    </p>
   </div>
   <div class='ocr_carea' id='block_1_7' title="bbox 22 3170 894 3251">
    <p class='ocr_par' dir='ltr' id='par_1_23' title="bbox 22 3170 894 3251">
     <span class='ocr_line' id='line_1_41' title="bbox 22 3170 894 3251; baseline 0.025 -33"><span class='ocrx_word' id='word_1_259' title='bbox 22 3219 37 3234; x_wconf 34' lang='lat' dir='ltr'>k</span> <span class='ocrx_word' id='word_1_260' title='bbox 133 3170 311 3238; x_wconf 88' lang='lat' dir='ltr'><strong>Prosequitur</strong></span> <span class='ocrx_word' id='word_1_261' title='bbox 328 3181 414 3245; x_wconf 86' lang='lat' dir='ltr'><strong>venia,</strong></span> <span class='ocrx_word' id='word_1_262' title='bbox 432 3185 461 3234; x_wconf 93' lang='lat' dir='ltr'><strong>et</strong></span> <span class='ocrx_word' id='word_1_263' title='bbox 478 3179 569 3233; x_wconf 87' lang='lat' dir='ltr'><strong>verbis</strong></span> <span class='ocrx_word' id='word_1_264' title='bbox 587 3177 655 3229; x_wconf 84' lang='lat' dir='ltr'><strong>haec</strong></span> <span class='ocrx_word' id='word_1_265' title='bbox 672 3184 784 3251; x_wconf 89' lang='lat' dir='ltr'><strong>insuper</strong></span> <span class='ocrx_word' id='word_1_266' title='bbox 801 3185 894 3240; x_wconf 88' lang='lat' dir='ltr'><strong>addit:</strong></span> 
     </span>
    </p>
   </div>
   <div class='ocr_carea' id='block_1_8' title="bbox 0 0 1090 3506">
    <p class='ocr_par' dir='ltr' id='par_1_24' title="bbox 0 0 1090 3506">
     <span class='ocr_line' id='line_1_42' title="bbox 0 0 1090 3506; baseline 0 1"><span class='ocrx_word' id='word_1_267' title='bbox 0 0 1090 3506; x_wconf 95' lang='lat' dir='ltr'><strong> </strong></span> 
     </span>
    </p>
   </div>
  </div>
 </body>
</html>
