2154 3518
146 115 153 128 =
183 103 186 112 ·
244 105 260 142 s

327 155 358 206 P.
376 154 531 204 VERGILI
549 152 715 202 MARONIS

95 238 233 302 Quantum
250 240 326 294 lenta
343 238 430 292 solent
448 237 520 288 inter
538 234 651 289 viburna
669 238 798 312 cupressi.

94 315 138 370 M.
158 317 195 371 Et
213 333 284 386 quae
301 318 381 370 tanta
397 313 451 366 fuit
470 312 584 365 Romam
603 313 654 366 tibi
673 331 767 369 caussa
783 315 915 370 videndil

100 391 127 444 T.
147 392 288 458 Libertas;
306 408 376 461 quae
394 406 462 456 sera,
480 393 572 442 tamen
591 391 712 458 respexit
729 392 854 458 inertem,

97 468 246 522 Candidior
265 473 411 538 postquam
429 465 555 518 tondenti
572 464 658 518 barba
675 467 807 533 cadebat;

2 581 4 583 .
98 544 233 613 Respexit
253 548 352 611 tamen,
372 547 401 596 ct
418 541 498 609 longo
516 545 579 610 post
598 547 722 611 tempore
739 545 821 611 venit,
927 561 952 598 so

99 620 248 690 Postquam
267 638 316 673 nos
337 618 482 687 Amaryllis
500 617 592 684 habet,
611 619 727 674 Galatea
744 621 863 690 reliquit.

98 697 229 765 Namque,
248 696 356 750 fatebor
374 695 453 760 enim,
472 693 538 770 dum
556 711 601 747 me
620 694 733 749 Galatea
751 697 870 765 tenebat,

99 774 155 828 Nec
174 790 235 842 spes
251 773 388 827 libertatis
407 776 473 838 orat,
492 788 542 825 nec
560 788 625 824 cura
643 771 738 839 peculi.

99 850 226 914 Quamvis
245 850 332 903 multa
350 849 418 901 meis
435 829 523 901 exiiet
541 847 652 901 victima
670 850 778 917 saeptis,

100 926 210 995 Pinguis
228 930 257 981 et
274 925 397 994 ingratae
415 927 587 992 premeretur
604 940 698 977 casem
717 927 785 994 urbi,
928 943 953 980 ss

72 1003 123 1072 'N
128 1021 160 1056 an
173 1019 304 1072 umquam
316 1001 408 1070 gravis
420 1015 483 1053 aere
496 999 606 1054 domum
619 1001 686 1054 mihi
698 1001 797 1056 dextra
808 1002 925 1056 redibat.

99 1079 140 1132 M.
161 1078 290 1145 Mirabar,
310 1077 377 1146 quid
394 1079 499 1128 maesta
518 1075 593 1144 deos,
613 1078 752 1146 Amarylli,
769 1095 889 1144 vocares,

100 1156 149 1210 Cui
167 1155 288 1224 pendere
307 1169 356 1208 aua
373 1153 507 1221 patereris
525 1152 553 1204 in
572 1151 670 1207 arbore
687 1171 782 1222 poma:
835 1162 839 1169 ''

99 1232 208 1300 Tityrus
225 1231 287 1285 hine
305 1230 408 1284 aberat.
447 1229 528 1297 Ipsae
545 1231 582 1296 te,
600 1229 700 1298 Tityre,
717 1232 805 1300 pinus,

101 1307 158 1376 Ipsi
175 1311 204 1361 te
221 1308 317 1375 fontes,
336 1305 395 1374 ipsa
412 1305 479 1358 haee
497 1304 610 1359 arbusta
627 1305 765 1362 vocabant.
929 1325 954 1361 m

105 1383 134 1436 T.
152 1383 224 1448 Quid
240 1383 375 1437 facereml
393 1399 482 1450 neque
501 1381 612 1435 servitio
631 1399 675 1436 me
693 1385 767 1437 exire
785 1384 893 1452 licebat,

101 1459 127 1513 N
129 1477 159 1513 ec
176 1463 233 1513 tam
250 1459 401 1528 praesentis
420 1458 483 1510 alibi
501 1475 663 1525 cognoscere
681 1460 763 1514 divos.

101 1536 156 1589 Hic
173 1535 250 1587 illum
268 1534 324 1587 vidi
343 1534 474 1597 iuvenem,
495 1533 637 1601 Meliboee,
656 1537 816 1603 quotannis

102 1611 149 1664 Bis
167 1627 246 1664 senos
263 1610 306 1664 cui
325 1612 419 1662 nostra
438 1609 497 1662 dies
516 1608 612 1662 altaria
630 1610 742 1666 fumant.

103 1688 155 1742 Hie
173 1687 240 1740 mihi
258 1702 417 1754 responsum
436 1685 542 1753 primus
561 1684 640 1739 dedit
659 1686 705 1740 ille
721 1689 844 1756 petenti:
932 1706 955 1742 ns

102 1763 217 1832 Pascite,
235 1766 267 1816 ut
284 1765 356 1829 ante,
375 1760 465 1824 boves,
484 1761 571 1829 pueri,
591 1761 745 1822 submittite
762 1768 862 1820 tauros.

102 1841 145 1894 M.
165 1841 315 1892 Fortunate
335 1853 425 1903 senex,
446 1854 511 1904 ergo
530 1839 578 1890 tua
598 1855 662 1890 rura
679 1839 835 1909 manebunt,

103 1918 139 1970 Et
156 1915 207 1969 tibi
224 1931 323 1982 magna
341 1912 415 1979 satis,
436 1912 559 1981 quamvis
578 1913 646 1982 lapis
665 1916 753 1968 omnia
770 1918 859 1971 nudus

102 1994 264 2061 Limosoquc
281 1989 360 2060 palus
377 1989 495 2043 obducat
512 2007 612 2058 pascua
628 1991 723 2064 iunco!

103 2071 164 2124 Non
181 2070 288 2122 insueta
305 2067 395 2136 gratis
414 2067 589 2136 temptabunt
607 2067 707 2136 pabula
725 2069 803 2134 fetas,
935 2086 959 2121 so

103 2147 129 2199 N
131 2163 162 2199 ec
178 2145 250 2198 mala
267 2144 347 2198 vicini
365 2145 470 2213 pecoris
491 2145 616 2211 contagia
633 2144 750 2198 laedent.

104 2222 254 2276 Fortunate
272 2237 362 2288 senex,
380 2221 433 2288 hic,
453 2221 525 2273 inter
544 2218 737 2273 flumina‘nota

104 2299 140 2352 llt
156 2297 238 2350 fontis
257 2312 354 2362 sacros,
371 2296 459 2362 frigus
479 2294 601 2364 captabis
618 2293 751 2363 opacum!

105 2374 176 2427 Hinc
194 2372 252 2438 tibi,
271 2387 342 2447 quae
361 2387 474 2438 semper,
494 2371 581 2423 ricino
601 2369 636 2422 ab
654 2370 750 2438 limite,
767 2385 862 2438 saepes

105 2449 235 2518 Hyblaeis
253 2446 350 2516 apibus
369 2446 464 2500 florem
482 2447 598 2514 depasta
615 2445 712 2514 salicti,
937 2464 962 2501 ss

105 2526 191 2594 Saepe
208 2524 261 2578 levi
278 2540 401 2577 somnum
421 2522 548 2576 suadebit
568 2523 638 2576 inire
657 2538 782 2588 susurro;

105 2601 178 2655 Hinc
195 2601 251 2654 alta
270 2599 320 2652 sub
338 2616 406 2668 rupe
427 2603 507 2652 canet
526 2598 671 2653 frondator
688 2599 725 2652 ad
742 2616 838 2665 auras;

106 2677 163 2731 Nec
180 2681 272 2731 tamen
290 2676 396 2729 interea
416 2692 521 2744 raucae,
542 2679 591 2730 tua
610 2693 683 2744 cura,
702 2675 852 2747 palumbes,

98 2754 163 2807 Nec
181 2770 291 2821 gernere
309 2753 383 2806 aeria
403 2751 521 2805 cessabit
541 2756 634 2808 turtur
652 2753 687 2806 ab
704 2754 784 2807 ulmo.

110 2829 138 2883 Τ.
157 2832 232 2883 Ante
249 2829 323 2883 leves
342 2847 406 2898 ergo
426 2832 571 2898 pascentur
587 2833 619 2883 'm
639 2831 750 2885 aethere
768 2832 849 2898 cervi,
942 2846 964 2881 oo

107 2906 143 2960 llt
160 2907 232 2959 freta
250 2909 403 2961 destrtuent
422 2907 510 2960 nudos
529 2906 557 2958 in
576 2907 656 2960 litore
673 2908 768 2976 pisces

108 2984 189 3048 Ante,
208 2984 357 3051 pererratis
375 2987 516 3055 amborum
535 2983 642 3050 finibus
662 2985 738 3038 exsul

109 3059 167 3110 Aut
186 3059 296 3112 Ararim
317 3058 433 3113 Parthus
452 3059 537 3124 bibet,
557 3064 605 3114 aut
624 3060 771 3114 Germania
789 3059 900 3126 Tigrim,

108 3134 195 3198 Quam
213 3138 306 3188 nostro
325 3135 396 3188 illius
413 3134 522 3189 labatur
540 3140 650 3204 pectore
668 3137 764 3190 voltus.

110 3209 148 3264 M.
168 3211 208 3264 At
225 3225 274 3265 nos
291 3211 354 3265 hinc
372 3210 418 3266 alii
436 3211 553 3267 sitientis
571 3211 672 3266 ibimus
691 3213 781 3275 Atros,
941 3224 963 3261 sa
