2152 3506
96 166 140 212 110
330 160 357 207 P.
378 157 530 205 VERGILI
547 157 711 204 MARONIS

94 241 238 309 Accipiens
256 240 373 293 sonitum
392 239 450 290 saxi
468 237 503 290 do
521 237 623 290 vertice
639 239 738 305 pastor.
756 237 779 285 a<

94 318 161 370 Tum
179 332 244 369 vero
262 316 406 369 manifesta
425 313 501 376 lidos,
522 313 701 381 Danaumque
718 315 865 380 patescunt

94 393 222 448 Insidiae.
260 392 320 445 lam
340 389 474 458 Deiphobi
494 389 572 442 dodit
590 389 681 458 ampla
697 389 802 442 ruinam
914 409 956 446 ³10

94 471 213 524 Volcano
232 472 378 537 superante
397 467 502 534 domus,
522 469 575 520 iarn
594 481 742 534 proxumus
759 465 840 520 ardet

94 546 247 614 Ucalegon3
267 545 346 612 Sigea
364 545 421 611 igni
439 545 511 597 freta
530 545 587 597 lata
605 543 734 597 relucent.

96 623 224 676 Exoritur
242 623 397 690 clamorque
416 621 503 673 virum
523 622 688 689 clangorque
704 621 841 675 tubarum.

62 691 65 703 '
97 703 182 753 Arma
200 717 292 752 amens
310 699 401 766 capio;
419 716 468 751 noc
488 703 530 751 sat
548 698 660 750 rationis
677 698 704 749 in
723 699 819 762 armis3

95 776 149 830 Sed
161 777 312 844 glomerare
324 791 433 827 nranum
446 774 517 827 bello
530 780 558 827 et
571 775 769 828 concurrerem
787 791 879 828 arcem
916 791 956 829 ars

96 853 163 905 Cum
183 853 260 905 sociis
278 852 376 905 ardent
395 852 491 915 animi;
509 851 585 904 saror
602 851 697 918 iraque
715 855 834 904 mentem

97 929 288 996 Praecipitant,
307 928 503 996 pulchrumque
521 927 589 979 mon'
608 927 741 980 succurrit
756 928 785 979 in
803 927 894 980 armis.

132 1005 200 1057 Ecce
218 1009 310 1056 autem
329 1003 392 1057 telis
412 1003 533 1056 Panthus
552 1003 659 1070 clapsus
679 1003 818 1069 Achivom,

97 1081 219 1134 Panthus
238 1079 398 1148 Othryades,
417 1080 486 1132 arcis
507 1079 663 1149 Phoebique
681 1080 813 1144 sacerdos,

97 1157 178 1210 Sacra
195 1150 276 1210 manu
294 1157 435 1224 victosque
454 1156 520 1209 deos
538 1173 706 1225 parvumque
724 1161 851 1226 nepotem
914 1172 956 1209 azo

98 1234 161 1301 lpse
179 1233 272 1301 trahit,
290 1249 426 1301 cursuque
445 1250 538 1286 arrrcns
557 1233 592 1284 ad
611 1232 703 1286 limina
720 1233 817 1286 tendit.

98 1309 156 1372 Quo
169 1327 212 1362 res
225 1326 330 1362 summa
342 1309 407 1376 loco,
423 1309 547 1362 Panthul
566 1325 647 1377 qnam
664 1309 822 1376 prendimus
839 1311 956 1362 arccnrl

99 1388 152 1440 l'in
171 1404 202 1440 ea
222 1387 293 1440 fatus
312 1403 394 1452 cram,
413 1387 516 1452 gemitu
535 1403 594 1438 cum
614 1386 679 1439 talia
697 1385 802 1438 reddit:

99 1464 181 1516 Venit
199 1479 304 1516 summa
322 1462 381 1515 dies
399 1467 428 1514 ct
446 1461 619 1515 ineluctabile
638 1466 746 1530 tompus

100 1539 259 1592 Dardaniae.
297 1539 409 1591 Fuimus
428 1539 519 1606 Proca,
536 1538 589 1591 fuit
609 1539 689 1592 Ilium
709 1539 851 1607 elingens
913 1551 957 1591 aas

99 1616 190 1669 Gloria
209 1616 387 1680 Teucrorum;
406 1615 480 1668 lorus
499 1617 588 1668 omnia
609 1616 734 1684 Iuppiter
753 1617 842 1683 Argos

98 1692 260 1746 Transtulit:
278 1692 388 1744 incensa
407 1691 493 1744 Danai
513 1691 689 1745 dominantur
706 1694 734 1745 in
752 1691 827 1745 arbe.

100 1769 211 1820 Arduus
230 1771 348 1820 armatos
366 1768 462 1821 mediis
480 1769 506 1820 in
525 1768 665 1821 nicenibus
684 1769 795 1822 alstans

101 1844 201 1898 Fundit
219 1860 313 1912 equus,
332 1844 472 1912 victorque
491 1845 574 1898 Sinon
593 1845 717 1898 incendia
734 1845 829 1898 miscet

49 1987 52 1994 Ι
101 1921 244 1974 Insultans.
284 1920 373 1972 Portis
392 1920 436 1972 alii
456 1921 643 1988 bipatentibus
661 1921 768 1988 adsunt,
916 1936 959 1976 ssa

101 1998 176 2050 Milia
194 2002 261 2067 quot
279 1998 384 2064 magnis
402 2013 530 2064 nmquam
551 2013 649 2050 venero
669 1995 803 2064 Myconis;

100 2074 240 2127 (llisedore
259 2074 304 2126 alii
322 2073 384 2126 telis
403 2077 517 2140 angusta
537 2073 639 2125 viarum

100 2150 239 2218 Oppositi3
257 2155 313 2203 stat
330 2150 395 2202 ferri
416 2150 486 2202 acics
505 2166 633 2202 mucrone
651 2167 761 2203 corusco

100 2228 207 2291 Stricta,
224 2229 322 2294 parata
339 2225 412 2287 neci;
430 2226 473 2277 six
492 2227 573 2294 primi
592 2226 694 2294 proelia
711 2229 849 2294 temptant

104 2303 246 2354 l'ortarum
266 2301 370 2368 vigiles,
391 2305 419 2353 et
436 2317 516 2354 cacco
536 2302 635 2354 Marto·
647 2303 778 2356 resistunt
917 2317 960 2356 335

101 2378 209 2430 Talibus
229 2376 388 2443 Othryadae
407 2376 488 2430 dictis
507 2382 535 2431 ot
554 2379 663 2432 numine
682 2379 772 2433 divom

102 2454 135 2506 In
153 2453 276 2506 flammas
295 2456 324 2504 et
342 2451 369 2503 in
388 2469 464 2505 arma
481 2454 562 2522 feror,
582 2472 636 2524 quo
654 2455 743 2509 tristis
763 2457 865 2525 Erinys,

94 2530 160 2594 'Quo
178 2530 304 2582 fremitus
323 2533 402 2582 vocat
421 2534 449 2583 ot
468 2530 591 2584 sublatus
609 2532 645 2584 ad
664 2532 776 2585 aethora
793 2531 901 2584 clamor.

102 2606 218 2659 Addunt
237 2623 266 2658 sc
285 2605 371 2659 socios
391 2606 512 2676 Rhipeus
532 2611 560 2660 et
578 2625 721 2661 maxumus
740 2610 822 2660 armis

102 2682 212 2749 Epytus,
231 2682 315 2734 oblati
333 2699 383 2750 por
401 2684 499 2750 lunam,
521 2685 701 2753 Hypanisque
722 2685 884 2753 Dymasque,
919 2698 961 2738 alo

103 2758 138 2809 Et
155 2757 234 2810 latcn'
253 2757 441 2823 adglomerant
459 2766 559 2819 nostro.
578 2763 736 2823 iuvenisque
755 2759 902 2820 Coroebus,

101 2833 289 2901 Mygdonides.
328 2833 386 2886 Illis
404 2835 439 2887 ad
459 2836 566 2890 Troiam
585 2838 657 2890 ferte
677 2838 774 2891 diebus

102 2910 229 2975 Venerat,
247 2908 340 2964 insano
360 2911 529 2964 Cassandrae
547 2917 670 2965 incensus
689 2930 788 2980 amoro,

101 2985 138 3037 Et·
156 3001 240 3051 gener
258 2984 387 3037 auxilium
410 2987 517 3038 Priamo
539 2987 744 3055 Phrygibusque
762 2988 877 3052 serebat,

102 3058 210 3123 Infelix,
231 3060 278 3126 qui
297 3076 350 3112 non
370 3076 483 3127 sponsae
501 3065 648 3127 praecepta
665 3062 781 3115 furentis
922 3077 961 3116 asa

105 3133 242 3187 Audierit.

103 3206 176 3270 Quos
194 3208 241 3261 ubi
259 3210 395 3262 confertos
413 3209 514 3262 audere
531 3210 559 3261 iu
578 3209 680 3278 proelia
697 3211 761 3278 vidi,
