2152 3506
404 169 588 218 AENEIDOS
605 168 676 218 LIB.
695 167 733 216 ΙΙ.
954 167 998 214 117

140 252 218 305 'l'alia
235 248 379 317 iactabam,
398 252 427 304 et
443 247 544 303 furiata
560 252 654 304 monte
671 247 799 317 ferebas]

140 331 212 383 Cum
230 327 297 380 mihi
315 343 351 391 se,
369 341 423 380 non
440 329 505 382 aute
522 325 606 380 oculis
624 329 681 380 tam
699 326 780 392 clara,
798 324 944 379 videndam

136 405 253 460 -Obtuiit
270 408 299 458 et
317 420 387 473 pura
403 419 455 473 per
472 407 579 457 noctem
598 403 627 456 in
645 402 705 457 luco
723 403 832 456 refulsit
964 415 1000 454 sao

108 482 226 636 smum
242 497 349 550 parens,
367 480 490 534 confessa
506 479 594 546 deam,
613 479 755 548 qualisque
774 479 861 533 videri
924 515 928 537 ι

141 558 285 612 caelicolis
303 562 333 611 et
351 559 455 625 quanta
472 556 549 622 solet,
568 555 723 624 dextraque
741 545 923 625 prehensum!

77 697 86 709 ,
141 635 291 701 Conticuit,
310 647 444 701 roseoque
462 630 529 684 haee
545 632 657 700 insuper
675 632 784 686 addidit
801 647 861 687 ore:

141 711 223 778 Nate,
241 712 303 778 quis
321 707 468 762 indomitas
485 711 580 762 tantus
599 708 676 761 dolor
694 709 797 762 excitat
815 709 886 763 irasi

141 786 216 852 Quid
233 786 318 840 furist
337 788 385 839 aut
403 799 520 852 quonam
537 785 624 838 nostri
645 784 694 838 tibi
712 801 777 838 eura
794 784 923 839 recessit?
964 799 999 836 sas

141 864 168 918 N
170 881 205 917 on
222 864 300 932 prius
317 862 438 930 aspicies,
455 859 502 914 ubi
520 861 622 914 fessum
640 866 732 915 aetate
750 865 893 930 parentem

142 941 269 1008 Liqueris
289 938 446 993 Anchisen?
464 940 576 1006 superet
593 939 745 991 coniunxne
764 938 874 1004 Creusa,
917 969 920 980 ·

142 1017 332 1084 Ascaniusque
351 1016 435 1084 pueri
453 1029 522 1082 quos
541 1013 629 1067 omnis
646 1014 768 1083 undiquc
787 1015 886 1068 Graiae

142 1093 346 1147 circumerrant
364 1092 443 1157 acies,
462 1093 498 1158 et,
515 1091 543 1144 ni
563 1107 624 1145 mea
642 1107 707 1145 cura
724 1092 842 1157 resistat,
905 1121 907 1126 ,

143 1169 203 1222 Iam
222 1168 347 1222 flammae
365 1167 479 1221 tulerint
496 1168 621 1222 inimicus
639 1173 668 1221 et
686 1167 808 1222 hauserit
825 1168 904 1222 ensis
962 1179 998 1218 ooo

142 1246 204 1298 Non
221 1244 273 1298 tibi
291 1244 454 1313 Tyndaridis
472 1244 554 1298 iacies
572 1244 658 1297 invisa
676 1245 816 1298 Lacaenae

143 1321 310 1389 Orripatusve
330 1320 413 1388 Paris,
432 1320 523 1374 divom
541 1320 722 1384 inelementia,
741 1319 839 1385 divom,

143 1399 202 1452 lias
220 1398 322 1452 evertit
339 1414 404 1465 opes
422 1397 576 1464 sternitque
594 1413 610 1449 a
628 1395 744 1448 eulmine
762 1396 874 1450 Troiam.

143 1476 397 1544 Aspice-namque
415 1489 530 1539 omnem,
550 1489 621 1541 quae
638 1487 709 1524 nunc
727 1470 845 1526 obducta
862 1472 952 1526 tuenti

143 1550 268 1605 Mortalis
286 1550 400 1603 hebetat
416 1551 491 1603 risus
508 1549 560 1602 tibi
578 1553 608 1602 ct
625 1548 738 1602 humida
755 1549 855 1602 circum
960 1565 996 1604 ooo

143 1628 255 1696 Caligat,
274 1625 374 1681 nubem
392 1627 521 1695 eripiam,
539 1630 571 1680 tu
588 1643 623 1679 ne
641 1641 695 1695 qua
711 1626 832 1694 parentis
891 1637 894 1643 ‘

143 1706 222 1758 Iussa
239 1705 315 1770 time,
332 1719 387 1756 neu
405 1703 559 1771 praeceptis
576 1718 674 1770 parere
692 1718 819 1756 reeusa-

142 1782 203 1848 Hic,
222 1782 270 1834 ubi
288 1780 418 1833 disiectas
436 1779 520 1832 moles
538 1779 685 1848 avolsaque
703 1780 774 1832 saxis

142 1859 213 1912 Saxa
229 1859 308 1912 rides
325 1857 465 1923 mixtoque
482 1855 633 1909 undantem
650 1856 762 1924 puluere
781 1856 891 1923 fumum,

141 1935 288 2005 Neptunus
305 1947 397 1986 muros
415 1947 568 2001 magnoque
585 1936 677 1986 eurota
694 1931 806 1986 tridenti
961 1947 996 1986 oro

142 2011 333 2064 Fundamenta
350 2009 441 2076 quatit
459 2013 600 2077 totamque
617 2025 634 2060 a
652 2008 762 2061 sedibus
779 2009 874 2061 urbern

142 2087 227 2141 Emit.
265 2087 320 2142 Hie
340 2086 409 2138 Iuno
428 2085 526 2138 Scaeas
545 2084 701 2138 saevissima
718 2089 811 2154 portas

142 2163 234 2217 Prima
252 2166 337 2229 tenet,
357 2162 512 2230 sociumque
529 2161 624 2214 furens
641 2177 658 2213 a
674 2159 789 2214 navibus
807 2178 904 2228 agrrnen

141 2240 227 2294 Narro
245 2239 366 2293 accincta
383 2241 470 2291 voest.

142 2317 201 2370 Iam
220 2332 339 2370 summas
356 2331 433 2368 arces
451 2314 580 2378 Tritonia,
598 2313 709 2382 respice,
729 2313 818 2368 Pallas
961 2329 996 2368 ou

108 2374 113 2422 ¹
143 2393 256 2460 Insedit,
275 2382 368 2446 nimbo
386 2390 517 2459 effulgens
535 2394 564 2444 et
583 2391 708 2457 Gorgone
727 2405 813 2444 saevo.

142 2469 207 2538 lpse
226 2470 309 2523 Pater
327 2468 430 2522 Danais
448 2468 552 2521 animos
570 2467 689 2534 virisque
707 2468 839 2521 secundas

105 2551 109 2602 i
141 2545 254 2614 Sufficit,
271 2545 330 2614 ipse
348 2544 414 2598 deos
431 2545 459 2598 in
478 2544 607 2597 Dardana
625 2543 739 2596 suscitat
757 2559 838 2598 arnna.

102 2603 107 2699 i
141 2621 232 2690 liripo,
245 2625 322 2689 nate,
340 2620 440 2688 fugam,
459 2622 596 2687 finemque
614 2619 712 2687 inpono
731 2618 822 2672 labori.
905 2613 909 2624 ’

103 2706 105 2721 “
141 2697 284 2766 Nusquam
302 2696 392 2764 abero,
411 2701 440 2750 et
457 2700 548 2749 tutam
565 2695 655 2763 patrio
673 2699 701 2747 te
719 2694 811 2748 limine
829 2695 931 2748 sistam.
963 2705 997 2744 sao

141 2773 264 2841 Dixerat,
283 2778 311 2827 et
329 2772 423 2841 spissis
441 2773 528 2827 noctis
546 2789 576 2825 se
594 2772 717 2825 condidit
735 2771 844 2825 umbris.

141 2848 287 2917 Adparent
305 2849 382 2902 dirae
399 2850 481 2902 facies
499 2849 662 2916 inimicaque
682 2848 777 2902 Troiae

141 2923 262 2977 Numina
279 2941 378 2992 magna
396 2925 483 2979 deum.
551 2975 553 2978 .

176 3000 244 3057 Tum
262 3017 328 3054 vero
346 3017 424 3054 omne
442 3001 508 3054 mibi
527 3001 613 3053 visum
632 3001 773 3054 considero
789 2999 817 3052 in
835 2997 906 3063 iguis

141 3075 223 3130 Ilium
243 3081 272 3130 et
289 3093 323 3130 cx
341 3077 395 3129 irno
413 3079 483 3130 verti
503 3076 642 3144 Neptunia
660 3076 754 3138 Troia;
961 3088 997 3128 aas

91 3176 115 3227 χ
142 3155 184 3207 Ae
201 3153 286 3207 veluti
306 3153 419 3206 surnrnis
436 3154 578 3220 antiquam
595 3152 623 3203 in
641 3149 779 3202 urentibus
797 3165 893 3202 ornum

43 3263 45 3266 -
142 3227 210 3282 Cum
228 3229 300 3281 ferro
319 3229 432 3282 accisam
451 3229 610 3294 crebrisque
627 3223 789 3291 bipennibus
807 3225 909 3276 instent
