2172 3506
95 85 142 136 274
326 85 355 133 Ρ.
374 84 527 134 VERGILI
544 84 715 134 MARONIS‘

95 163 262 234 Respiciunt,
280 167 426 235 totumque
442 164 534 219 adlabi
551 165 684 220 classibus
701 183 812 235 aequor.

94 241 185 296 Ardet
202 257 272 310 apex
290 241 381 310 capiti,
399 241 545 310 cristisque
562 258 580 295 a
597 241 699 296 verlice
717 242 827 298 flamma
909 257 948 299 vc

94 317 238 384 Funditur,
256 321 285 372 et
303 321 395 371 vastos
413 316 496 370 umbo
513 317 599 370 vomit
618 333 717 372 aureus
735 318 820 386 ignis:

93 393 155 446 Non
173 409 256 457 secus,
274 410 306 446 ao
323 392 428 460 liquida
445 393 468 445 si
486 393 595 461 quando
612 396 692 446 nocte
709 397 832 449 cometae

92 469 238 537 Sanguinei
257 467 373 536 lugubre
391 463 498 536 rubent‘,
516 473 565 523 aut
584 469 669 522 Sirius
687 469 777 538 ardor,

92 545 146 599 llle
162 545 236 600 sitim
254 543 418 612 morbosque
436 543 528 598 ferens
545 544 706 598 mortalibus
723 545 822 616 aegris,

90 620 220 676 Nascitur
237 623 266 673 ct
283 619 360 673 laevo
378 619 523 674 contristat
541 620 643 673 lumine
661 621 771 676 caelum.
907 637 936 678 rr

126 697 210 750 Haud
228 699 321 750 tamen
338 696 436 750 audaci
454 696 544 748 Turno
562 696 662 750 fiducia
679 697 761 752 cessit

91 773 185 826 Litora
202 772 367 840 praecipere,
385 775 414 826 ct
432 771 566 825 venientis
583 772 686 840 pellere
703 776 784 826 terra.

89 848 182 917 [Ultro
193 849 304 901 animos
321 847 394 901 tollit
413 847 501 914 dictis,
520 851 604 916 atque
622 849 745 917 increpat
762 849 863 922 ultro:]

91 923 170 989 Quod
188 924 260 977 votis
278 924 401 991 optastis,
420 923 506 990 adest,
525 923 697 992 perfringere
715 925 821 979 dextra

91 1000 124 1054 ln
142 999 266 1053 manibus
285 999 360 1053 Mars
378 1000 444 1068 ipse,
463 1000 524 1054 viri.
560 999 641 1052 Nunc
658 999 778 1068 coniugis
795 1005 856 1056 esto
904 1019 932 1058 aa

89 1076 211 1144 Quisque
229 1091 294 1128 suae
311 1074 434 1143 tectique
452 1090 573 1140 memor3
590 1092 664 1130 nunc
680 1088 779 1144 magna
796 1079 900 1132 referto

89 1152 179 1218 Facta
197 1155 307 1219 patrum
325 1150 427 1205 laudes.
463 1151 544 1204 Ultro
562 1167 734 1204 occurramus
750 1152 787 1205 ad
804 1153 915 1222 undaro,

90 1227 162 1282 Dum
179 1228 292 1298 trepidi,
311 1227 469 1296 egressique
486 1226 580 1280 labant
598 1227 714 1296 vestigia
731 1228 829 1296 prima.

90 1304 227 1358 Audentis
246 1304 368 1358 Fortuna
385 1304 469 1356 iuvat.

91 1382 166 1435 Haec
184 1381 230 1448 ait,
250 1384 279 1435 et
296 1397 388 1435 secum
406 1382 504 1447 versat,
524 1396 592 1448 quos
610 1379 710 1435 ducere
728 1386 831 1450 contra,
901 1399 941 1440 w·

89 1457 140 1510 Vel
160 1457 259 1525 quihus
277 1455 401 1510 obsessos
419 1456 506 1524 possit
524 1455 687 1510 concredere
704 1461 803 1511 muros.

123 1533 234 1586 Interea
251 1533 360 1585 Aeneas
378 1532 464 1584 socios
481 1531 517 1585 de
534 1531 671 1600 puppibus
689 1533 752 1586 altis

88 1608 221 1662 Pontibus
238 1607 359 1676 exponit.
396 1606 479 1660 Multi
497 1623 606 1660 servare
624 1623 752 1661 recursus

87 1683 256 1752 Languentis
273 1682 370 1752 pelagi,
390 1685 419 1738 et
437 1681 567 1736 brevibus
585 1700 614 1736 se
632 1683 744 1737 credere
762 1686 847 1750 salam

88 1761 141 1814 l’er
158 1776 247 1814 remos
265 1760 318 1829 alii.
354 1758 516 1828 Speculatus
533 1759 614 1812 litora
632 1759 760 1823 Tarchon,
899 1776 938 1815 aaa

87 1837 147 1900 Qua
164 1837 234 1890 vada
251 1853 305 1890 non
324 1835 428 1904 spirant
446 1851 496 1888 nec
513 1834 600 1888 fracta
617 1846 802 1889 remurmurat
819 1837 901 1903 unda,

85 1912 141 1966 Sed
159 1928 234 1966 mare
252 1912 411 1966 inoffensum
430 1909 562 1964 crescenti
580 1910 721 1964 adlabitur
736 1919 823 1979 aestu,

85 1987 219 2043 Advertit
237 1988 327 2042 subito
344 2003 447 2056 proras,
467 1986 608 2054 sociosque
625 1989 767 2054 precatur:

84 2063 111 2116 N
112 2081 171 2130 unc,
188 2080 205 2118 o
222 2064 294 2118 lecta
311 2080 414 2130 manus,
433 2062 530 2116 validis
547 2061 698 2116 incumbite
715 2063 815 2129 remis;

84 2139 189 2208 Tollite,
207 2139 280 2194 ferte
297 2144 385 2204 reice,
403 2138 539 2192 inimicam
557 2137 655 2192 findite
673 2139 769 2192 rostris
898 2157 937 2196 aas

84 2214 164 2269 Hanc
181 2219 292 2283 terram,
311 2215 470 2282 sulcumque
489 2213 541 2266 sibi
558 2217 666 2282 premat
683 2214 743 2282 ipsa
759 2215 860 2270 carina.

84 2289 223 2358 Frangere
239 2307 289 2343 nec
307 2290 355 2343 tali
373 2291 486 2359 puppim
505 2290 623 2344 statione
641 2306 742 2358 recuso,

85 2369 205 2434 »irrepta
223 2366 322 2420 tellure
340 2367 433 2420 semel.
470 2366 546 2430 Quae
564 2366 631 2420 talia
648 2370 794 2434 postquam

58 2491 65 2506 ,
83 2443 188 2498 Edatus
207 2442 335 2506 Tarchon,
353 2441 419 2496 socii
436 2458 600 2510 consurgere
618 2441 704 2496 tonsis

27 3221 58 3240 Β

82 2519 295 2588 Spumantisque
313 2521 389 2572 rates
407 2518 479 2572 arvis
496 2517 597 2572 inferre
616 2519 728 2584 Latinis,
895 2536 937 2575 aco

81 2595 174 2649 Donec
192 2599 282 2649 rostra
299 2597 395 2648 tenent
413 2594 513 2648 siccum
531 2597 560 2648 ct
578 2594 675 2648 sedere
692 2595 799 2650 carinae

81 2670 183 2725 Omnes
201 2671 339 2724 innocuae.
375 2670 431 2724 Sed
448 2687 502 2724 non
519 2671 619 2740 puppis
637 2674 693 2736 tua,
712 2671 841 2724 Tarchon.

80 2747 206 2816 Namque
224 2747 327 2800 inflicta
344 2746 422 2800 vadis
440 2746 521 2800 dorso
539 2747 605 2800 dum
623 2747 728 2816 pendet
745 2747 848 2816 inique,

80 2826 192 2891 Anceps
210 2826 364 2876 sustentata
382 2823 437 2890 diu,
456 2823 608 2892 fluctusque
625 2823 732 2892 fatigat,

79 2897 206 2965 Solvitur,
224 2901 308 2965 atquc
325 2899 397 2950 viros
415 2898 513 2951 mediis
531 2899 688 2969 exponitlin
706 2899 802 2966 undis3
894 2913 935 2956 ³0⁵

79 2969 226 3038 Fragmina
244 2989 382 3026 remorum
401 2990 469 3041 quos
487 2978 516 3026 et
533 2974 669 3028 fluitantia
687 2979 810 3030 transtra

78 3043 235 3115 Inpediunt,
253 3049 425 3118 retrahitque
443 3048 542 3118 pedem
560 3050 640 3102 simul
658 3051 732 3104 unda
749 3050 884 3105 relabens.

112 3117 138 3168 N
140 3133 171 3171 ec
189 3121 310 3176 Turnum
328 3125 420 3191 segnis
437 3124 540 3179 retinet
557 3141 647 3190 moru;
665 3127 715 3180 scd
733 3127 806 3194 rapit
823 3143 887 3182 acer
