2152 3506
110 173 154 218 136
341 171 369 217 P.
388 170 542 217 VERGILI
560 170 726 219 MARONIS

107 251 152 304 Sol
171 251 227 303 ruit
244 250 352 303 interea
369 254 399 302 et
416 253 522 304 montes
540 250 704 304 umbrantur
721 252 805 320 opaci.

107 328 261 380 Sternimur
278 330 390 396 optatae
408 327 513 394 gremio
531 327 637 381 telluris
655 328 691 380 ad
709 328 818 397 undam,

107 404 203 456 Sortiti
222 419 317 465 remos,
335 404 490 471 passimque
509 404 537 456 in
555 403 635 456 litore
654 405 724 457 sicco
923 423 962 462 διο

28 548 30 553 .
108 483 229 549 Corpora
248 496 388 544 eurarnus;
407 479 492 532 fessos
512 496 592 547 sopor
608 480 711 548 inrigat
729 485 814 535 artus.

107 558 232 612 Necdum
250 556 343 609 orbem
362 555 482 608 medium
501 557 526 609 N
529 573 563 609 ox
581 556 655 609 heris
673 560 735 610 acta
753 557 876 614 subibat:

108 634 192 688 Haud
211 633 300 702 segnis
318 635 405 686 strato
422 635 511 701 surgit
530 633 674 686 Palinurus
692 636 721 687 et
739 633 825 687 omnis

107 711 238 779 Explorat
256 713 359 775 ventos,
379 712 462 777 atque
480 710 591 763 auribus
609 725 674 762 aera
690 713 799 778 captat3

76 770 88 856 l
107 787 205 840 Sidera
222 791 320 840 cuncta
337 790 415 839 notat
433 787 517 839 tacito
535 786 657 839 labentia
674 786 756 852 caele,
785 781 788 790 '
922 805 960 842 515

108 865 257 917 Arcturum
275 864 435 932 pluviaeque
455 863 566 930 Hyadas
583 862 760 930 geminosque
778 861 898 929 Triones,

108 942 308 1007 Armatumqne
327 956 391 992 auro
410 939 591 1007 circumspicit
609 938 719 992 Oriona.

108 1017 256 1084 Postquam
275 1020 373 1069 cuncta
391 1015 466 1069 videt
483 1016 557 1069 eaelo
575 1019 700 1069 constare
719 1031 822 1082 sereno,

107 1093 163 1146 llat
181 1093 283 1145 clarum
302 1111 317 1145 e
335 1094 419 1162 puppi
437 1093 556 1158 signum
574 1108 623 1145 nos
639 1095 729 1146 castra
746 1107 891 1152 movemus,

107 1168 336 1238 Temptamusque
354 1170 426 1222 uiam
444 1174 472 1222 et
491 1169 611 1221 velorum
629 1168 774 1236 pandimus
792 1168 855 1220 alas.
917 1194 955 1232 Μ)

108 1245 222 1314 lamque
240 1245 402 1299 rubescebat
420 1246 506 1298 stellis
526 1247 634 1298 Aurora
651 1244 760 1312 fingatis

107 1321 175 1375 (lum
193 1323 286 1391 procul
304 1321 432 1376 obscuros
450 1322 524 1374 collis
542 1321 725 1388 humilemque
744 1320 867 1373 videmus

107 1396 222 1451 Italiam.
261 1399 370 1452 ltaliam
388 1398 492 1466 primus
510 1397 660 1450 conclamat
679 1396 806 1462 Achates,

108 1474 215 1527 ltaliam
235 1475 307 1528 laeto
326 1476 390 1527 socii
408 1475 525 1527 clamore
543 1473 669 1526 salutant.

106 1548 174 1602 Tum
192 1554 272 1617 pater
291 1549 422 1603 Anchises
440 1566 567 1617 magnum
585 1554 691 1602 cratera
708 1565 806 1602 corona
919 1563 956 1603 aas

108 1625 202 1678 Induit
220 1627 386 1694 inplevitque
404 1642 487 1694 mero,
506 1626 636 1693 divosque
654 1625 759 1678 vocavit

107 1701 187 1754 Stans
205 1702 277 1754 celsa
295 1701 323 1753 in
342 1703 439 1769 puppi:

107 1777 141 1829 Di
159 1779 242 1830 maris
260 1781 288 1830 et
307 1781 398 1831 terrae
416 1781 667 1846 tempestatumque
684 1779 816 1848 potentes

107 1853 190 1906 Ferte
209 1853 280 1906 viam
298 1859 378 1908 vento
397 1854 502 1907 facilem
520 1859 550 1908 et
568 1855 670 1923 spirate
688 1856 805 1908 secundi.

107 1930 274 1984 Crebeseunt
292 1935 402 1999 optatae
421 1948 511 1998 aurae,
528 1937 679 2001 portusque
696 1933 812 2000 patescit
917 1949 957 1992 aaa

107 2006 165 2058 lam
184 2009 299 2076 propior,
318 2008 505 2076 templumque
524 2008 639 2076 adparet
657 2009 685 2060 in
703 2024 765 2061 aree
782 2009 930 2063 Minervae.

106 2081 174 2135 Vela
191 2084 286 2151 legunt
304 2085 376 2150 socii,
395 2089 424 2138 et
440 2101 536 2153 proras
553 2085 589 2138 ad
607 2086 688 2138 litora
704 2089 840 2154 torquent.

106 2157 205 2213 Portus
223 2161 258 2214 ab
277 2162 367 2214 Euroo
385 2162 470 2214 fluctu
488 2165 615 2214 curvatus
632 2163 660 2214 in
679 2178 785 2228 arcum3

106 2235 236 2290 Obiectae
255 2238 324 2290 salsa
343 2241 469 2305 spumant
487 2238 651 2305 adspargine
669 2241 777 2303 cautes;

46 2320 49 2326 '
106 2312 170 2379 lpse
188 2313 271 2378 latet,
289 2314 397 2380 gemino
415 2313 564 2367 demittunt
581 2314 708 2368 bracchia
724 2331 802 2368 muro
919 2333 957 2371 sis

105 2388 206 2441 'lurriti
225 2388 335 2458 scopuli,
354 2389 510 2458 refugitque
527 2390 562 2443 ab
581 2392 660 2445 litere
677 2391 817 2459 templum.

106 2463 240 2526 Quattuor
258 2465 307 2531 hic,
326 2466 444 2533 primum
462 2483 548 2534 omen,
567 2484 652 2536 equos
671 2469 698 2520 in
716 2468 838 2536 gramine
856 2466 912 2520 vidi

105 2541 254 2594 Tondentis
271 2558 396 2610 campum
414 2542 477 2606 late,
497 2543 614 2596 candore
630 2543 718 2597 nivali.

106 2616 140 2668 Et
159 2620 238 2684 pater
258 2618 406 2672 Anchises:
425 2618 539 2686 Bellum,
558 2636 574 2671 o
592 2624 668 2672 terra
686 2619 799 2688 hospita,
817 2624 924 2688 portas;

106 2691 181 2744 Bello
194 2698 335 2746 amnentur
347 2694 418 2762 equi,
431 2693 532 2748 bellum
544 2695 611 2750 haec
623 2699 747 2748 armenta
758 2697 904 2750 minantur.
917 2711 955 2749 cm

104 2768 159 2821 Sed
177 2772 268 2821 tuanen
286 2769 359 2822 idem
379 2771 442 2822 olim
460 2787 542 2825 curru
560 2773 705 2826 succedere
724 2773 794 2825 sueti

105 2844 307 2912 Quadrupedes
326 2849 355 2898 et
373 2845 450 2898 frena
467 2847 530 2914 ingo
550 2848 693 2901 concordia
711 2849 796 2903 ferre:

104 2921 171 2988 Spes
190 2925 219 2973 et
236 2921 315 2988 pacis,
335 2922 380 2976 ait.
418 2922 485 2975 Tum
503 2925 612 2976 numina
631 2928 724 2977 sancta
741 2941 884 2993 precamur

104 2996 222 3050 Palladis
241 2997 399 3061 armisonae,
418 3014 488 3065 quac
505 3000 594 3066 prima
612 3002 717 3067 accepit
735 3001 848 3069 ovantis,

104 3071 140 3123 nt
158 3073 247 3138 capita
264 3077 328 3126 ante
346 3089 406 3127 aras
426 3071 543 3139 Phrygio
562 3075 684 3127 velamur
702 3077 818 3140 amictu,
917 3091 955 3131 aas

104 3144 316 3217 Praeceptisque
336 3149 443 3215 Heleni,
462 3148 577 3202 dederat
595 3166 665 3217 quae
683 3167 818 3219 nraxnma,
835 3153 889 3208 rite

104 3217 201 3274 Iunoni
221 3225 341 3292 Argivae
358 3227 445 3280 iussos
463 3223 603 3279 adolemus
620 3225 743 3282 honores.
